3225 5217
298 532 355 595 -18

290 745 292 749 ·
311 705 500 791 patefacere
522 685 758 791 blasphemiam
776 710 810 771 in
826 709 933 773 animo
948 717 1060 773 vestro
1074 702 1331 795 delitescentem,
1347 714 1452 780 solam

310 820 497 905 nudamque
525 817 630 883 Verbi
659 818 723 883 Dei
753 817 957 885 divinitatem
984 823 1018 885 in
1047 822 1161 887 charta
1188 828 1320 925 potavi,
1362 826 1451 893 nulla

310 932 400 997 facta
421 937 586 999 mentione
609 936 726 1013 carnis,
749 941 806 998 aut
828 936 1069 1018 incarnationis,
1090 943 1148 1001 aut
1171 946 1262 1005 ortus
1284 959 1327 1003 ex
1343 938 1451 1008 Sane-

310 1026 436 1109 tissima
457 1045 605 1131 Virgine.
650 1044 718 1111 Ubi
747 1046 830 1111 haec
850 1046 1040 1129 audieruut,
1070 1054 1226 1131 tanquam
1250 1073 1294 1116 ex
1316 1054 1451 1138 crapula

259 1169 262 1174 ’
310 1178 349 1220 ac
372 1157 530 1221 ebrietate
555 1157 749 1242 evigilantes
773 1164 806 1221 et
829 1163 1033 1242 experrecti,
1067 1160 1148 1225 nihil
1176 1183 1242 1227 nou
1270 1171 1449 1248 tentarunt,

308 1275 346 1331 ut
376 1268 561 1351 hujusmodi
591 1270 737 1333 chartam
767 1290 787 1333 a
814 1291 867 1334 me
900 1274 1102 1355 reciperent:
1134 1294 1199 1358 ego
1226 1295 1307 1339 vero
1339 1281 1449 1342 eoram

309 1382 458 1447 omnibus
469 1382 648 1447 clamabam
656 1402 708 1445 me
718 1402 782 1445 non
793 1384 1031 1467 restituturum,
1040 1406 1211 1469 quousque
1219 1386 1449 1455 illamChristo

308 1494 467 1559 adversus
490 1516 550 1558 vos
572 1496 606 1557 in
629 1494 681 1558 die
701 1493 816 1578 judicii
838 1494 1011 1560 attulero“.

393 1606 556 1671 Audimus
568 1615 821 1690 ergoauctorem
833 1608 940 1691 ipsum
951 1628 988 1672 se
1000 1610 1218 1675 nominantem
1226 1610 1447 1692 Anastasium,

309 1728 343 1784 et
364 1740 443 1783 vere
466 1717 598 1801 quidem
621 1716 794 1799 Sinaitam,
827 1738 929 1800 quum
956 1721 1028 1803 ipse
1048 1740 1092 1786 ‚se
1120 1722 1314 1787 monachum
1343 1726 1456 1790 sancti«

307 1834 426 1895 montis
447 1829 525 1895 Sina
547 1830 758 1914 profiteatur,
786 1830 948 1912 simulque
970 1831 1119 1897 videmus
1142 1853 1215 1913 eum
1237 1854 1306 1899 rem
1329 1835 1447 1899 catho-

306 1944 402 2007 licam
423 1942 583 2007 adversus
605 1944 656 2005 sui
666 1942 828 2026 temporis
837 1940 1021 2015 haereticos
1031 1943 1163 2009 fortiter
1177 1954 1445 2030 propugnantem.

307 2052 376 2121 Sed
411 2063 461 2134 et,
503 2074 568 2138 quo
602 2061 750 2138 tempore
782 2056 921 2135 vixerit,
962 2053 1041 2119 licet
1072 2055 1167 2119 nobis
1194 2055 1273 2121 inde
1304 2057 1447 2122 conclu·-

307 2165 402 2240 dere„
439 2166 547 2245 Quum
569 2167 654 2229 enim
677 2173 873 2229 conventum
894 2166 1018 2229 factum
1040 2167 1144 2231 l'uisse
1171 2177 1332 2233 memoret
1354 2168 1443 2253 apud

305 2276 525 2363 Augustalem
541 2277 582 2359 ¹),
610 2280 630 2340 i.
654 2298 681 2342 e.
705 2278 912 2361 praefectum
932 2278 975 2342 ab
997 2276 1201 2363 Imperatore
1223 2279 1445 2345 Romanorum

305 2388 459 2474 Augusto
493 2390 644 2469 missum,
677 2408 815 2453 neeesse
848 2398 916 2470 est,
959 2388 1139 2473 disputatio
1171 2391 1261 2455 facta
1294 2395 1337 2456 sit
1369 2401 1446 2456 ante

306 2524 336 2566 a.
359 2502 432 2583 640,
456 2502 579 2585 quippe
602 2520 668 2583 quo
690 2499 927 2565 Alexandriam
952 2499 1084 2566 ditionis
1099 2501 1447 2569 Muhammedanoram

305 2614 427 2677 iactam
439 2632 512 2676 esse
525 2620 663 2689 constet,
687 2611 876 2694 nullumque
885 2611 1024 2697 amplius
1035 2613 1143 2678 locum
1154 2614 1258 2680 fuisse
1270 2614 1446 2701 Augustali

306 2726 457 2807 cuiquam
480 2745 500 2786 a
521 2722 674 2807 Byzantii
696 2720 899 2807 Imperatore
920 2724 1100 2808 praefecto.

391 2834 519 2898 Floruit
540 2836 653 2917 itaque
674 2833 872 2899 Anastasius
893 2844 1007 2899 noster
1024 2836 1094 2919 jam
1116 2846 1193 2903 ante
1215 2839 1328 2902 atto.
1365 2838 1443 2903 Jam

304 2968 385 3012 vero
417 2945 523 3030 qualis
553 2946 669 3028 fuerit,
704 2966 764 3029 per
794 2948 885 3029 quod
913 2957 1043 3032 tempus
1071 2951 1193 3014 vixerit
1222 2950 1384 3032 quibusve
1411 2953 1445 3013 in

303 3059 402 3124 rebus
425 3065 576 3123 versatus
600 3058 656 3137 sit,
681 3066 717 3121 ut
738 3062 922 3125 accuratius
943 3062 1174 3143 exquiramus,
1197 3081 1283 3144 quae
1304 3061 1444 3144 amplius

304 3170 345 3235 de
370 3190 406 3235 se
428 3172 499 3254 ipsc
521 3168 616 3233 nobis
635 3166 723 3233 dieat
744 3171 777 3232 in
790 3169 935 3255 Hodego
953 3170 1091 3253 aliisque
1108 3173 1250 3255 scriptis,
1273 3169 1445 3236 audiamus

303 3287 443 3365 oportet.
466 3281 663 3363 Priusquam
674 3289 784 3345 autem
791 3280 876 3345 hanc
883 3280 925 3345 de
938 3301 978 3345 eo
987 3283 1215 3364 quaestionem
1225 3284 1442 3363 instituamus,

298 3402 411 3467 ,utrum
439 3412 551 3457 omnes
578 3391 712 3477 Hodegi
741 3401 872 3476 partes,
902 3401 1004 3477 prout
1030 3401 1164 3457 exstant
1190 3395 1224 3456 iu
1253 3394 1370 3473 editis,
1399 3392 1454 3456 adx

302 3524 400 3567 unum
433 3502 638 3586 eundemque
668 3510 837 3570 auctorem
865 3512 1017 3588 spectare
1039 3505 1213 3568 videantur
1235 3524 1354 3584 necne,
1386 3506 1440 3566 in-

303 3613 496 3698 quirendum
519 3621 579 3678 est.
623 3613 698 3678 Non
721 3613 841 3678 desunt
862 3636 1019 3698 namque,
1043 3635 1127 3698 quos
1149 3617 1236 3679 inter
1259 3613 1442 3697 Caveus²),

303 3729 360 3809 qui
388 3726 452 3791 hoc
481 3746 564 3810 opus
594 3745 636 3789 ex
665 3728 765 3788 variis
795 3724 955 3791 Veterum
982 3727 1150 3811 opusculis
1181 3728 1442 3791 consarcinatum
1503 3800 1514 3806 ,

303 3844 471 3917 censeant,
502 3858 563 3901 nec
590 3836 624 3899 id
639 3835 767 3918 modo,
798 3836 857 3902 sed
882 3846 915 3901 et
936 3860 957 3902 a
977 3841 1160 3903 recentiore
1183 3837 1326 3921 quadam
1346 3858 1444 3900 manu

302 3949 390 4013 haud
424 3948 542 4014 leviter
574 3948 816 4033 interpolatum.
871 3949 1052 4014 Videamus
1090 3971 1169 4036 ergo
1207 3969 1346 4014 necesse
1382 3956 1443 4031 est,
1500 4020 1504 4027 .

302 4183 1130 4193 Wm—-w-m.—-n—-—-.-———-—n---—-——-

372 4344 394 4411 ¹)
414 4344 455 4395 De
479 4344 531 4395 hac
548 4359 617 4396 voce
643 4346 737 4395 confer
759 4348 841 4395 etiam
860 4345 911 4394 eol.
932 4346 982 4397 184
999 4344 1029 4395 Β.
1050 4349 1078 4395 et
1096 4344 1147 4395 col.
1168 4346 1217 4395 188
1235 4342 1286 4409 DJ,
1310 4342 1359 4394 ubi
1380 4358 1443 4394 me·

301 4442 423 4489 moratur
441 4440 495 4489 alia
513 4439 661 4505 disputatio
681 4440 754 4490 lacta
773 4435 798 4489 ta
816 4446 853 4508 τῷ
872 4435 1072 4512 σῃμιογραφείῳ
1089 4447 1134 4491 τοῦ
1152 4434 1299 4511 Καὶσαρὶου.

370 4532 393 4599 ²)
413 4532 487 4585 Cave
505 4549 568 4601 pag.
588 4536 639 4585 344
657 4538 684 4585 et
702 4548 776 4598 seqq.
