3225 5217
1277 509 1317 572 57

265 678 413 745 Tertium
446 679 598 745 Oudiuus
632 690 860 766 argumentum
894 683 992 746 sumit
1019 680 1193 764 „illudque
1220 702 1319 746 sensu

177 813 239 857 suo
267 791 539 856 tenuissimum*
570 815 614 857 ex
651 796 760 878 capite
789 792 924 879 Hudegi
950 791 1031 857 XII„
1070 791 1112 857 de
1147 793 1320 860 salutifera

178 902 302 969 Christi
326 907 482 989 passione
510 907 677 988 inscripto.
728 903 780 968 lbi
792 907 813 986 ¹)
847 912 963 970 auctor
995 925 1181 989 „expresse
1215 905 1320 970 refert

177 1016 350 1099 imaginem
373 1014 497 1079 Christi
518 1016 667 1078 crucifixi
687 1017 846 1100 singulari
869 1015 1013 1099 quodam
1034 1016 1132 1081 modo
1156 1038 1176 1080 a
1198 1037 1235 1081 se
1258 1015 1319 1080 de·

178 1125 331 1189 lineatam
367 1134 402 1190 et
435 1125 592 1211 adjuncta
620 1107 833 1212 inscriptions
869 1127 1064 1192 illustratam
1096 1149 1186 1208 esse3
1223 1127 1319 1193 simul

179 1237 278 1300 etium
302 1257 436 1319 omnes,
470 1240 526 1321 qui
557 1247 674 1322 postea
702 1237 789 1304 idem
819 1259 903 1323 opus
931 1238 1127 1323 descripturi
1156 1247 1232 1302 eunt
1259 1259 1320 1323 per

177 1346 298 1410 Filium
338 1348 403 1412 Dei
445 1349 620 1434 adjurans,
672 1371 714 1413 ne
766 1352 939 1414 omittant'
963 1349 1100 1414 similem
1144 1352 1320 1435 imaginem

177 1459 395 1543 aprograpbis
413 1462 481 1526 suis
499 1458 704 1543 insererem).
735 1460 872 1544 „Atqui
891 1461 966 1526 hinc
978 1459 1149 1526 concludit
1160 1460 1319 1541 Oudinus,

178 1569 244 1633 boo
276 1569 402 1634 indicat
436 1571 634 1636 scribentem
668 1580 836 1636 auctorem
871 1581 948 1656 post
984 1571 1147 1636 stabilitas
1188 1572 1319 1657 publice

178 1683 354 1764 imagines,
375 1681 465 1764 quod
486 1684 520 1744 iu
536 1682 674 1746 coneilio
691 1682 841 1746 Nicaeuu
858 1681 901 1746 ΙΙ.
923 1704 952 1746 a.
976 1683 1038 1746 787
1062 1682 1174 1746 habito
1195 1684 1320 1746 iactum

179 1800 239 1857 est
286 1791 378 1877 Ergo
408 1801 525 1856 auctor
552 1794 649 1879 hujus
676 1791 812 1878 Hudegi
843 1796 1009 1878 posterior
1039 1801 1098 1857 est
1125 1839 1165 1856 ..
1214 1792 1320 1858 Recte

178 1915 289 1969 antem
311 1904 508 1970 Anastasius
529 1904 656 1971 Sinaita
683 1913 719 1969 et
739 1904 967 1970 Antiochenus
995 1907 1170 1990 episcopus
1191 1905 1321 1968 numine

180 2025 317 2101 quartus
340 2017 423 2082 baec
443 2016 588 2081 seribere
610 2019 734 2100 potuit,
765 2018 889 2101 quippe
916 2019 975 2100 qui
1003 2018 1092 2080 cuca
1121 2016 1176 2080 vel
1197 2015 1321 2080 saeculi

179 2127 298 2192 decimi
317 2128 414 2191 finem
436 2127 491 2192 vel
512 2127 675 2192 undecimi
695 2130 820 2191 initium
852 2130 974 2192 vixerit
982 2125 1046 2211 Μ)
1091 2126 1254 2212 Stupesco
1277 2125 1320 2190 ob

180 2237 300 2304 Oudirri
327 2242 393 2303 mei
421 2259 559 2303 acumen
585 2247 687 2332 atque
713 2241 937 2322 sagacitatem.
979 2238 1114 2323 Quippe
1138 2247 1215 2301 ante
1238 2257 1320 2300 cun-

181 2349 291 2412 eilium
301 2349 483 2414 Nicaeuum
499 2349 541 2413 ΙΙ.
557 2352 716 2434 imagines
731 2371 797 2413 nun
809 2349 1026 2431 habebantur,
1043 2369 1150 2432 neque
1162 2347 1320 2413 delineari
1398 2347 1405 2353 ’

179 2468 350 2545 poterant,
378 2480 479 2543 quum
499 2469 609 2526 tamen
630 2463 734 2546 ipsius
752 2462 978 2526 iconoclastici
1000 2463 1122 2526 furoris
1144 2469 1244 2544 atque
1265 2463 1319 2524 in·-

181 2574 293 2636 sauiae
327 2575 421 2658 origo
448 2575 625 2657 imaginum
654 2574 776 2637 cultum
804 2581 1066 2658 praesuppouat,
1101 2593 1210 2656 neque
1247 2573 1321 2657 ipsa

181 2683 329 2749 Nicaena
371 2683 520 2768 synodus
555 2684 597 2748 ΙΙ.
634 2687 812 2770 imaginum
851 2685 973 2750 cultum
1008 2693 1087 2750 tunc
1122 2684 1251 2750 demum
1286 2686 1320 2748 iu

179 2793 365 2859 Ecclesiam
397 2797 581 2875 invexerit,
617 2795 678 2859 sed
715 2799 826 2880 potius
862 2803 976 2860 eontra
1010 2798 1142 2860 insenos
1158 2787 1161 2798 ’
1178 2796 1321 2862 bostium

180 2923 346 2969 sacrarum
367 2907 546 2990 imaginum
565 2909 706 2990 impetus
729 2905 917 2980 defenderit
938 2905 1043 2970 solum
1067 2914 1167 2989 atque
1196 2927 1322 2992 appro-

179 3015 275 3079 barit.
318 3015 468 3095 Quonam
491 3019 591 3100 igitur
615 3017 691 3100 jure
713 3014 863 3080 Oudinus
893 3023 1061 3080 auctorem
1084 3017 1218 3103 Hodegi
1245 3026 1322 3103 post

179 3126 359 3192 Nicaenam
393 3127 558 3211 synodum
585 3127 625 3190 ΙΙ
661 3126 816 3192 detrudat
853 3149 895 3192 ex
930 3149 985 3209 eo,
1022 3129 1112 3213 quod
1147 3133 1321 3218 imaginem

181 3237 304 3304 Christi
325 3240 474 3304 crucifixi
495 3238 689 3321 delineavit,
718 3259 854 3323 prorsus
876 3261 941 3304 uon
963 3241 1077 3322 video,
1105 3250 1142 3306 ut
1163 3245 1321 3323 oausam,

115 3380 117 3383 ·
181 3353 279 3414 etiam
302 3351 355 3414 hic
377 3348 541 3414 Oudinum
562 3353 664 3432 gratis
685 3349 850 3414 transilire
877 3351 1017 3436 amplius
1045 3351 1111 3418 duo
1139 3353 1273 3416 saecula
1301 3375 1322 3417 a

180 3461 310 3545 synodo
331 3460 478 3525 Nicaeae
502 3483 532 3525 a.
556 3462 618 3524 787
646 3460 759 3539 habita
785 3460 828 3525 ad
851 3482 880 3525 a.
904 3463 997 3526 1010.
1042 3460 1110 3528 Sed
1123 3462 1165 3527 »id
1186 3462 1320 3546 quidem

181 3579 233 3636 est
254 3571 377 3636 Oudini
396 3580 622 3656 argumentum
643 3574 776 3637 tertium
798 3570 974 3656 „illudque
1003 3593 1104 3638 sensu
1134 3574 1205 3658 ejus
1235 3575 1321 3638 vali÷

181 3682 383 3748 dissimum‘t.

266 3791 594 3872 Quartum'oudmus
611 3804 839 3879 argumentum
859 3793 1001 3860 desumit
1019 3815 1062 3860 ex
1080 3798 1160 3880 ipsis
1177 3798 1321 3861 aucturis

180 3907 482 3991 praecautionibus,
504 3927 590 3989 quae
608 3909 824 3970 recentiorem
846 3915 960 3991 aperte
977 3905 1151 3972 Graeciam
1172 3917 1321 3994 arguant.

180 4015 233 4080 Ita
254 4019 340 4081 enim
361 4019 555 4101 scriptorem
576 4017 668 4080 illum
689 4015 825 4100 Hodegi
847 4015 888 4083 ud
911 4015 1085 4101 prologum
1106 4020 1203 4103 primi
1224 4019 1321 4103 hujus

251 4388 273 4455 ¹)
293 4392 344 4442 col.
365 4393 414 4443 105
432 4397 460 4444 et
479 4394 538 4443 les.
746 4393 769 4460 ²)
787 4392 886 4445 Oudiu.
906 4398 971 4446 tom.
989 4393 1025 4446 ΙΙ.
1044 4393 1096 4444 cul.
1115 4392 1174 4446 668.

248 4484 272 4550 ²)
291 4483 388 4536 Oudiu.
407 4490 472 4538 tom.
489 4487 524 4538 11.
543 4485 608 4537 ibid.
