3225 5217
302 465 342 531 26

299 660 391 705 mens
421 648 474 707 est
501 662 541 706 ac
571 646 639 707 tum
661 664 744 729 puro
777 648 1066 714 consuescendum.
1109 649 1195 715 Nam
1223 654 1254 717 si
1275 651 1472 718 chuerum
1513 684 1520 694 ’

301 752 426 817 habens
448 755 481 817 in
503 772 542 819 se
562 754 760 839 loquentem,
783 766 818 821 et
840 761 898 842 qui
919 762 951 823 in
974 764 1106 825 tertium
1129 762 1257 827 coelum
1279 766 1441 830 evasisset

299 886 466 949 vocesque
488 868 521 929 in
542 866 696 952 paradiso
719 870 851 934 insolita
873 872 1038 937 hausisset
1052 871 1085 956 ¹),
1108 875 1267 959 cujusque
1282 876 1442 942 haecsint

299 978 418 1043 verber
446 974 562 1059 „Vivo
581 980 649 1069 jam
671 1000 737 1044 non
761 1000 840 1066 ego,
873 985 956 1047 vivit
976 1004 1057 1049 vero
1078 986 1112 1047 in
1133 1006 1186 1049 me
1208 984 1440 1071 Christue“²),

300 1088 476 1155 Corinthiis
499 1090 645 1155 scribens
667 1094 728 1156 ait:
752 1093 898 1172 „Partim
920 1094 1083 1177 loquimur
1105 1104 1140 1161 et
1160 1100 1278 1181 partim
1295 1120 1440 1183 cognos-

299 1194 422 1267 cimus“
436 1198 478 1284 ³),
512 1203 625 1285 ecquis
648 1210 699 1267 est
721 1205 776 1286 qui
799 1202 910 1269 dicere
932 1209 1053 1289 possit:
1087 1206 1219 1293 Integre
1254 1209 1372 1293 loquor
1405 1217 1440 1275 et

298 1317 426 1401 integre
460 1334 642 1400 cognosco,
686 1317 895 1399 maximeque
927 1336 1014 1400 quae
1050 1317 1093 1381 ad
1134 1320 1439 1404 incomprehensum

298 1428 405 1492 Deum
417 1427 590 1513 spectant?
619 1427 712 1507 Quae
730 1448 858 1492 rursum
869 1428 1047 1515 theologus
1058 1430 1190 1513 quidam
1206 1452 1268 1515 per
1279 1431 1439 1518 Spiritum

298 1540 453 1607 Sanctum
477 1538 655 1623 eloquens,
677 1541 798 1621 inquit:
822 1538 927 1620 „Cum
950 1540 993 1604 de
1013 1538 1088 1605 Deo
1110 1540 1246 1625 loquor,
1273 1552 1307 1607 et
1329 1544 1438 1629 lingua

299 1661 332 1716 et
354 1652 466 1715 auditu
491 1659 524 1715 et
545 1658 654 1722 mente
677 1650 879 1715 inhorres0“.
922 1651 1008 1716 Nam
1038 1654 1108 1717 sinc
1130 1655 1279 1738 periculo
1302 1676 1366 1720 non
1387 1664 1439 1743 eet

297 1762 339 1827 de
361 1761 434 1829 Deo
459 1763 557 1847 loqui.
602 1762 670 1829 Sed
701 1762 785 1828 baec
807 1760 942 1846 quidam
963 1766 1094 1829 minime
1116 1767 1301 1851 cogitantes
1330 1786 1438 1851 neque

298 1873 540 1955 discernentes,
571 1876 628 1959 qui
650 1872 923 1958 quemadmodum
947 1896 1033 1959 qnae
1055 1879 1140 1941 intra
1169 1898 1284 1942 eorum
1306 1885 1438 1942 ventres

298 1994 374 2051 sunt
400 1986 578 2066 obeantur,
608 1988 772 2067 nesciant,
806 1987 839 2049 in
867 1986 1042 2070 foedisque
1064 1988 1153 2052 vitiis
1176 1998 1210 2053 et
1232 1988 1437 2074 voluptatum

298 2098 449 2165 sordibus
473 2097 619 2182 quotidie
633 2098 659 2179 ⁴)
682 2097 873 2179 volvantur,
896 2118 936 2161 ac
957 2118 998 2162 ne
1021 2101 1126 2165 sciant
1147 2099 1295 2183 quidem,
1317 2102 1438 2165 insitne

295 2210 329 2273 in
356 2209 540 2274 hominibus
572 2200 714 2293 Spiritus
743 2216 896 2291 sanctus,
930 2208 990 2273 sed
1018 2211 1159 2275 interriti
1187 2214 1296 2275 omnia
1326 2215 1434 2275 caruis

294 2329 395 2404 etque
417 2320 560 2385 libidinis
583 2319 748 2385 desideria
770 2329 963 2385 exerceant:
986 2322 1019 2384 in
1041 2324 1209 2406 cauponis,
1231 2322 1435 2407 prostibulis,

294 2433 378 2513 foro,
401 2432 527 2497 balneis
540 2414 663 2497 Christi
681 2452 800 2497 aroana
819 2430 997 2497 traducunt
1014 2441 1048 2497 et
1069 2432 1216 2515 irrident,
1237 2434 1436 2503 infidelium-

294 2564 359 2629 que
383 2543 588 2609 contumeliis
611 2546 785 2629 propinant
806 2544 1002 2629 plerumque
1025 2543 1090 2609 duo
1112 2566 1198 2630 pene
1219 2546 1358 2611 verbula
1379 2553 1436 2609 aut

294 2664 362 2721 tres
385 2654 598 2721 sententiolas
630 2656 827 2721 ePstribus
859 2655 975 2737 furati,
1005 2659 1229 2741 memoriaque
1258 2657 1434 2743 complexi,

294 2776 395 2852 atque
419 2770 596 2853 evestigio
619 2788 656 2833 se
678 2768 842 2849 doctores,
864 2788 929 2832 non
951 2767 1108 2834 divinitus
1131 2778 1272 2851 creatos,
1295 2768 1355 2835 sed
1377 2771 1434 2851 qui

297 2880 471 2945 affectibus
494 2880 660 2960 ferentur,
692 2882 800 2943 enimc
828 2882 915 2943 inani
944 2879 1050 2966 gloria
1078 2888 1179 2965 atque
1208 2880 1433 2966 voluptatibus

293 2990 400 3056 fracto
424 2991 467 3056 ob
489 2999 618 3075 turpem
642 3000 813 3074 quaestum
840 2991 974 3075 judaice
1004 3012 1106 3078 saepe
1128 2992 1301 3057 venditant
1321 2993 1432 3076 porcis

294 3111 328 3169 et
349 3103 490 3190 indignis
506 3102 738 3167 divinosverbi
761 3104 907 3167 uniones.
940 3102 1111 3187 Siquidem
1133 3122 1334 3189 cognoscere
1356 3103 1434 3169 licet

296 3236 340 3280 ex
361 3215 555 3299 aequalibus
569 3213 815 3279 ecclesiastices
835 3215 993 3279 historice
1004 3214 1228 3301 scriptoribus,
1250 3213 1431 3300 pleraeque

293 3328 448 3392 haereses
472 3348 490 3391 e
513 3347 598 3390 vans
620 3325 777 3410 regnandi
799 3324 950 3408 libidine,
972 3328 1127 3407 avaritia,
1150 3324 1334 3391 bominibus
1356 3326 1432 3412 pla-

294 3437 389 3503 cendi
412 3438 538 3519 studio,
573 3438 728 3523 superbia
749 3438 926 3503 fluxerunt.
970 3438 1036 3517 Qui
1058 3446 1167 3502 tamen
1189 3438 1346 3503 haeretici
1367 3458 1433 3501 uon

292 3552 339 3613 ita
361 3549 532 3614 obcoecati
553 3549 703 3632 fuissent,
726 3552 754 3613 si
771 3549 975 3634 disciplinam
993 3557 1027 3615 et
1038 3550 1308 3615 exercitationem
1327 3550 1433 3613 secuti

293 3669 327 3725 et
356 3659 529 3726 affectibus
558 3658 723 3742 defuncti,
758 3658 916 3744 Spiritum
949 3669 1096 3725 sanctum
1127 3659 1190 3724 sibi
1217 3658 1432 3723 domesticum

292 3772 459 3837 iecissent.
493 3772 579 3838 Nam
602 3776 630 3838 ei
650 3792 841 3855 orarequae
862 3790 924 3858 par
947 3779 1000 3837 est
1021 3773 1192 3853 nescimus,
1213 3767 1432 3834 nisidiviuum
1483 3812 1489 3829 1

293 4016 712 4025 mmm—m·
718 4018 761 4025 ι...-
770 4018 915 4027 ,ῥυ-...η-
927 4018 1081 4027 -.-.-.--—-
1091 4014 1432 4025 -------—-——-——-—--

363 4183 384 4250 ¹)
403 4185 437 4235 11.
456 4183 517 4235 (ior.
538 4186 583 4250 Η,
603 4186 626 4235 2.
783 4186 806 4251 ²)
825 4185 885 4235 Gal.
905 4186 934 4251 2,
952 4186 994 4235 20.
1151 4183 1174 4249 ⁸)
1192 4186 1213 4235 1.
1232 4181 1298 4257 ⁰⁰5
1314 4184 1362 4248 13,
1380 4185 1405 4233 9.

362 4278 384 4345 ⁴)
404 4280 510 4331 'I'extus
529 4279 637 4344 quidem
656 4280 739 4331 hebet
757 4278 827 4344 „aad
845 4277 921 4352 ipl“,
948 4280 995 4330 lat.
1011 4282 1122 4344 interpr.
1142 4282 1212 4346 „mei
1229 4278 1340 4330 instar“.
1377 4276 1432 4330 Sed

291 4380 435 4441 repugnat.
471 4373 513 4426 Cf.
532 4390 602 4439 quae
620 4373 654 4424 de
674 4373 770 4425 eodem
789 4378 948 4439 argumento
972 4372 1075 4425 babeat
1092 4388 1151 4440 cap.
1170 4374 1247 4425 XIV.
1267 4375 1318 4425 col.
1337 4373 1387 4427 2⁶1
1407 4372 1433 4423 dc

293 4470 351 4521 255.
388 4469 549 4536 Oonjectavl
569 4484 649 4535 ergo:
667 4466 723 4520 καθ’
741 4466 844 4544 ἡμέραν.
