3225 5217
294 702 437 767 universi
454 702 562 767 animo
573 701 827 787 perpenderent,
847 704 962 786 paucis
973 705 1136 787 exceptis,
1157 702 1346 787 exemplum
1361 704 1433 789 ejus

293 814 398 879 seomi
419 820 504 878 sunt
549 811 679 898 Scripta
709 822 760 878 est
788 818 888 879 etiam
917 815 961 879 ab
989 815 1106 879 eodem
1127 814 1305 879 Anastasio
1327 816 1433 878 oratio

292 922 335 989 ad
367 923 610 1004 Antiochenus,
644 944 711 1009 qua
741 924 809 991 illis
840 924 1050 991 valedicebat
1065 926 1108 1008 ¹),
1143 946 1221 989 enm
1249 931 1434 1012 accepisset

292 1032 513 1099 lastinianum
545 1035 632 1101 velle
667 1054 704 1101 se
737 1039 769 1099 in
803 1036 938 1100 exilium
970 1039 1110 1101 mittere.
1160 1037 1267 1116 Quam
1300 1038 1433 1120 quidem

293 1146 472 1211 orationem
484 1147 601 1211 merito
613 1148 688 1229 quis
704 1145 894 1227 admiretur,
906 1156 975 1211 tum
988 1148 1031 1212 ob
1040 1148 1215 1213 verborum
1226 1148 1433 1233 elegantiam,

293 1264 362 1321 tum
393 1254 436 1321 ob
465 1258 593 1341 copiam
622 1260 874 1338 sententiarum,
905 1267 975 1323 tum
1003 1258 1147 1342 denique
1176 1258 1219 1323 ob
1247 1260 1434 1342 frequentia

293 1364 607 1451 sacraeSeripturae
628 1370 825 1449 testimonia,
848 1379 884 1434 et
905 1369 949 1434 ob
970 1370 1140 1434 historiam
1162 1372 1231 1434 suis
1251 1370 1333 1434 locis
1354 1379 1433 1454 apte

293 1476 607 1565 accomodarent).
643 1478 786 1557 ,Verum
798 1484 904 1545 oratio
921 1480 978 1545 illa
996 1480 1251 1564 haudquaquam
1268 1480 1435 1565 publicata

294 1597 355 1671 est,
378 1610 418 1655 eo
435 1590 525 1674 quod
542 1590 634 1655 Deus
653 1600 766 1657 noster
783 1594 988 1676 prospiciens
1007 1613 1063 1656 res
1080 1590 1246 1675 nostras')
1267 1594 1301 1655 in
1317 1592 1433 1657 melius

293 1703 512 1767 commutavit.
556 1700 686 1767 Etenim
705 1701 922 1785 Justinianus,
946 1703 1023 1767 dum
1045 1704 1206 1769 adversus
1222 1703 1434 1767 Anastasium

296 1820 330 1877 et
352 1813 408 1897 qui
431 1832 504 1877 cum
527 1814 600 1897 ipso
624 1822 735 1894 erant,
765 1814 957 1879 sacerdotes
980 1814 1217 1898 deportationis
1239 1817 1434 1878 sententiam

294 1922 434 1989 dictaret
444 1922 479 2007 ⁴),
509 1924 665 1989 invisibili
686 1926 786 2015 plaga
814 1928 899 1989 ictus
930 1945 974 1989 ex
1006 1925 1069 1989 hae
1100 1926 1174 1989 luce
1206 1924 1432 2009 migravit‘st)

293 2034 419 2116 „Porro
432 2032 455 2099 J
457 2036 594 2116 ustinus,
614 2035 638 2099 J
639 2037 791 2102 ustiniani
811 2044 845 2099 et
860 2056 964 2119 nepos
977 2044 1010 2100 et
1022 2055 1205 2117 successor,
1223 2037 1434 2099 Anastasium
1540 2044 1543 2048 ’

294 2164 428 2229 quoque
451 2166 494 2209 ex
518 2143 725 2209 Antiochena
747 2145 828 2210 sede
851 2146 988 2230 dejecit,
1011 2146 1169 2231 objiciens
1191 2148 1233 2226 ei,
1253 2154 1322 2210 tum
1345 2144 1435 2227 quod

294 2274 420 2321 sacram
443 2258 669 2340 pecuniamin
692 2257 939 2341 superfluosae
966 2259 1096 2321 minime
1124 2260 1328 2321 necessarios
1354 2276 1434 2321 usus

291 2366 515 2451 profudisset,
548 2374 617 2431 tum
648 2367 737 2451 quod
770 2370 834 2453 ipsi
867 2370 1069 2433 conviciatus
1100 2376 1198 2432 esset
1241 2367 1326 2431 Nam
1360 2388 1434 2431 cum

292 2477 514 2562 interrogatus
544 2477 663 2543 fuisset
683 2476 898 2560 Anastasius,
932 2500 990 2543 cnr
1018 2478 1103 2543 adeo
1135 2478 1272 2562 profuse
1306 2498 1433 2542 sacram

291 2590 462 2671 pecuniam
493 2586 704 2673 dilapidaret,
738 2588 878 2655 disserte
911 2588 1146 2673 responderat,
1175 2610 1217 2654 ne
1248 2612 1268 2653 a
1291 2588 1434 2671 Justino,

293 2700 452 2762 communi
482 2708 577 2783 peste
605 2720 643 2763 ao
672 2703 833 2785 pernicie,
867 2700 1073 2784 diriperetur.
1117 2700 1298 2765 Dicebatur
1323 2710 1432 2765 autem

292 2806 441 2875 lustinus
453 2808 575 2875 idcireo
588 2812 734 2877 infensus
746 2811 850 2877 luisse
859 2809 1050 2906 Anastasio,
1072 2809 1245 2893 quodcum
1261 2812 1431 2896 pecuniam

292 2920 334 2987 ab
359 2939 397 2986 eo
420 2921 463 2985 ad
486 2924 711 3006 episcopatum
739 2930 891 3006 promoto
920 2922 1156 3007 postulavisset
1165 2919 1207 3005 ⁶),
1236 2924 1432 2987 Anastasius

294 3032 324 3097 ei
348 3029 427 3097 dare
449 3030 608 3097 noluerat.
644 3031 891 3117 Objioiebantur
917 3041 1091 3118 praeterea
1118 3032 1223 3097 eidem
1254 3032 1431 3097 Anastasio

292 3142 356 3208 alia
379 3142 558 3226 quaedam,
581 3143 745 3209 nonnullis
767 3142 980 3229 Imperatoris
1008 3146 1180 3229 proposito
1210 3164 1250 3207 ac
1271 3141 1433 3207 voluntati

292 3253 470 3340 gratificari
502 3254 709 3321 studentibus
720 3256 739 3291 “
755 3252 789 3336 ⁷).
833 3253 942 3320 Aliam
976 3276 1108 3319 eausam
1141 3253 1238 3317 affert
1266 3253 1432 3317 Henrieus

292 3362 446 3429 Valesius
459 3366 492 3429 in
503 3365 766 3431 annotationibus
778 3365 823 3429 ad
833 3365 1012 3431 Historiam
1018 3363 1155 3448 Evagrii
1167 3384 1211 3427 ex
1220 3363 1431 3447 Theophanis

293 3471 466 3556 Chronico,
488 3476 579 3561 cujus
595 3475 677 3541 haec
694 3485 769 3541 sunt
781 3476 897 3541 verba:
920 3473 1070 3556 „Eodem
1088 3494 1173 3537 anno
1186 3474 1276 3557 (570)
1292 3495 1431 3560 magnus

292 3582 489 3651 Anastasius
512 3584 699 3671 Episcopus
720 3585 962 3665 Antiochenus,
985 3604 1060 3647 cnm
1081 3586 1116 3648 in
1136 3587 1349 3669 responsione
1371 3602 1432 3649 sua

291 3692 335 3759 ud
364 3694 539 3780 synodicas
571 3694 728 3781 epistolas
755 3693 1025 3779 reprehendisset
1053 3694 1215 3759 Joannem
1238 3694 1431 3759 Constanti·

365 3888 473 3897 1--0—-.
488 3887 716 3895 -.-...··-.r·----
732 3888 744 3894 -
760 3888 1179 3895 .---—--..-—-..—-.—-.-.-.
1193 3887 1229 3893 --
1249 3886 1392 3893 -..ν-«-

363 4020 384 4087 Ι)
403 4016 478 4094 λόγος
490 4017 673 4095 remancipat.
710 4018 732 4087 ¹)
750 4020 908 4086 Ενψ111ι.
919 4024 944 4087 4,
958 4037 1017 4086 cap.
1030 4023 1072 4071 40.
1109 4019 1131 4087 ¹)
1144 4020 1255 4086 Evagrii
1266 4025 1331 4071 sunt
1338 4020 1429 4071 verba.

362 4115 384 4183 ⁴)
402 4116 570 4181 Damberger
588 4118 613 4165 ln
632 4116 703 4165 lllst.
722 4114 791 4165 med.
811 4118 873 4166 aevi
891 4115 1000 4180 synchr.
1018 4120 1083 4165 tom.
1102 4116 1123 4165 1.
1140 4131 1167 4181 p.
1186 4116 1238 4166 204
1254 4114 1436 4175 Anastaslum

291 4227 320 4263 ro
338 4226 406 4263 vera
424 4209 482 4275 jam
509 4213 574 4259 tunc
592 4209 745 4259 ,lustinlano
772 4210 923 4275 imperante
946 4212 974 4259 ln
996 4210 1108 4259 exilium
1131 4212 1243 4259 missum
1266 4222 1327 4259 esse
1345 4210 1430 4271 gratis

292 4306 397 4357 asserit.

360 4397 383 4465 ⁸)
401 4396 500 4463 Evagr.
519 4396 566 4448 llb.
585 4398 613 4461 t,
633 4411 692 4461 cap.
711 4398 753 4447 41.
825 4395 847 4463 ⁸)
867 4396 973 4449 scillcet
990 4411 1073 4461 quum
1090 4396 1211 4447 nondum
1228 4399 1382 4461 imperaret

247 4521 251 4530 =
361 4490 383 4558 ι)
402 4490 500 4557 Evagr.
519 4490 579 4541 llbr.
598 4491 629 4557 b,
648 4506 707 4557 cap.
727 4491 751 4543 n.
