3225 5217
1254 525 1294 590 91

575 696 801 777 stnsrro
821 696 880 763 IX.

189 853 196 860 -
243 811 335 890 Quot
362 819 439 876 sunt
458 811 549 876 modi
570 811 791 877 derelictionis
819 831 879 876 seu
906 813 941 874 in
969 809 1203 878 afflictionibus
1237 829 1297 874 seu

155 925 190 988 in
210 923 455 990 infirmitatibus
483 944 545 990 seu
568 927 603 988 in
627 922 795 1018 peccatis?
819 929 853 988 et
875 921 1040 1006 quomodo
1062 941 1298 1008 cognoscemus

83 1053 87 1058 ’
156 1054 243 1117 quae
271 1056 293 1099 a
313 1035 388 1100 Deo
418 1042 470 1110 ast
499 1033 721 1120 ᾶὶεοὶΡΙίιιιιιι,
754 1042 788 1100 et
816 1054 903 1118 quae
931 1055 953 1098 a
981 1031 1113 1115 diabblo
1145 1035 1297 1121 procedit

156 1149 380 1212 tentationem.
948 1189 954 1198 ·
1145 1167 1147 1174 ’

636 1343 818 1428 Rerpontio.

244 1481 330 1550 Sunt
351 1482 485 1568 quidem
505 1480 603 1546 multi
624 1489 658 1546 et
680 1481 803 1546 diversi
825 1480 916 1546 modi
937 1479 1169 1572 derelictionis.
1214 1480 1297 1549 Sunt
1345 1483 1349 1494 '

154 1602 265 1660 antem
288 1593 354 1660 duo
375 1596 470 1680 scopi
490 1595 572 1675 Dei,
601 1593 778 1676 inquibus
800 1595 875 1676 quis
898 1591 1150 1677 derelinquitur,
1178 1611 1296 1678 nempe

154 1713 214 1770 aut
234 1705 278 1771 ad
299 1707 548 1770 conversionem
572 1713 607 1768 et
617 1706 879 1790 castigationem,
901 1711 938 1768 ut
958 1712 1054 1790 pater
1076 1724 1157 1789 erga
1177 1703 1296 1786 iilium3

155 1825 214 1880 aut
246 1837 293 1882 ex
320 1819 512 1899 eversione,
545 1823 583 1880 ut
610 1836 673 1880 rex
700 1813 862 1880 adversus
894 1816 1074 1880 inimicum:
1108 1816 1201 1900 cujus
1233 1814 1297 1881 fuit

11 1989 41 1996 -.
121 2001 125 2013 ,
155 1927 266 1993 Judse
286 1950 307 1992 u
328 1926 463 1996 Christo
484 1936 603 2014 postea
625 1925 806 1992 derelictio.
848 1926 1037 1992 Derelictus
1066 1926 1130 1990 init
1150 1925 1296 2019 Lazarus

156 2045 191 2107 et
222 2038 425 2125 paralyticus
454 2038 499 2103 ad
534 2040 759 2104 remissionem
798 2045 1019 2123 peccatorum.
1072 2037 1164 2104 Dicit
1196 2041 1295 2103 enim:

155 2149 267 2233 „Ecce
289 2171 389 2216 sanus
409 2150 519 2216 iactus
542 2171 588 2231 es,
609 2149 678 2215 noli
698 2149 839 2234 amplius
860 2149 1020 2234 peccare“
1038 2149 1071 2234 ¹).
1105 2148 1297 2236 Castigntns

16 2275 30 2304 ⁰
71 2341 80 2354 .
158 2264 222 2326 fuit
254 2262 396 2344 Paulus,
427 2282 470 2326 ne
503 2261 720 2326 extolleretur
732 2258 771 2342 ¹).
825 2259 1017 2346 Castigetus
1048 2261 1112 2325 init
1143 2259 1226 2342 Job,
1259 2269 1297 2326 ut

157 2374 253 2438 tieret
269 2374 408 2458 justior,
435 2374 520 2437 sicut
540 2372 634 2436 Deus
659 2373 689 2436 ei
711 2370 805 2436 dicit:
842 2371 972 2449 ,Putas
993 2380 1104 2436 autem
1126 2392 1178 2438 me
1200 2371 1296 2438 aliter

156 2483 217 2550 tibi
237 2483 467 2570 respondisse,
488 2503 587 2566 quam
608 2491 646 2548 nt
666 2502 829 2568 appareas
848 2481 978 2568 justus“
993 2481 1029 2567 ⁸).
1069 2482 1198 2548 Traditi
1220 2489 1296 2548 eunt

25 2667 35 2676 ,
158 2597 256 2661 etiam
278 2595 463 2682 prophetae
483 2597 517 2659 in
540 2589 766 2680 captiuitatem
787 2594 831 2659 sd
853 2595 1042 2681 exemplum
1066 2602 1100 2660 et
1120 2595 1294 2660 utilitatem

156 2707 282 2792 populi.
325 2704 468 2792 Oportet
488 2710 588 2792 igitur
610 2727 684 2773 aum
706 2709 763 2790 qui
784 2707 1023 2792 derelinquitur
1044 2709 1077 2774 in
1098 2727 1136 2774 se
1158 2709 1296 2772 scrutari

123 2825 288 2884 ‘cenem
315 2795 559 2898 derelictionis,
592 2827 628 2884 et
658 2820 765 2902 ipsam
794 2821 980 2904 corrigere,
1013 2839 1074 2903 per
1107 2839 1205 2910 ¹quarn
1232 2825 1296 2906 ,aut
1415 2893 1418 2901 f

153 2929 275 2996 inimici
296 2932 330 2994 in
352 2949 426 2994 enm
449 2929 597 2994 obtinent
619 2929 831 3010 dominatum,
853 2939 910 2995 unt
930 2931 1028 2994 amici
1050 2932 1080 2995 ei
1100 2928 1295 2994 insidiantur

154 3050 214 3106 aot
244 3044 317 3126 ipse
345 3063 367 3106 u
391 3040 571 3106 minoribus
603 3048 638 3106 at
670 3039 915 3106 obscurioribus
947 3041 1039 3104 nihili
1072 3039 1227 3126 penditur
1262 3047 1295 3104 et

154 3149 382 3234 contemnitur,
396 3160 455 3216 aut
465 3151 606 3217 truditur
616 3154 649 3215 in
660 3155 832 3238 passiones
843 3154 1037 3236 ignominiae
1048 3161 1083 3218 et
1095 3151 1294 3216 afflictiones

155 3262 728 3349 etinirmitatessecundumjustom
740 3264 805 3328 Dei
821 3263 990 3349 judicium.
1020 3262 1128 3348 Saepe
1140 3264 1224 3328 enim
1237 3270 1295 3328 aut
1396 3281 1398 3286 ·

154 3394 199 3440 ex
210 3369 368 3459 superbia
376 3382 411 3440 et
416 3373 560 3460 gloriosa
563 3377 734 3460 jactantia,
740 3381 799 3438 eut
806 3396 850 3439 ex
862 3395 902 3439 eo
910 3372 999 3459 quod
1006 3374 1090 3440 alios
1096 3372 1293 3459 judicemus,

153 3493 211 3550 mt
219 3493 380 3570 receptae
390 3486 527 3570 injuriae
537 3483 758 3567 recordemur,
770 3493 828 3550 rut
839 3488 917 3568 quie
927 3507 987 3554 nos
998 3487 1090 3572 ipsos
1099 3504 1165 3549 non
1176 3503 1295 3571 repre·

48 3644 56 3658 .
153 3596 326 3662 bendimus
345 3605 379 3662 et
399 3596 669 3677 condemnemus,
696 3605 755 3662 aut
775 3599 931 3680 quoniam
954 3618 997 3663 ex
1020 3595 1293 3682 praecedentibus

153 3709 300 3792 peccatis
317 3706 476 3772 tradimur
490 3707 660 3772 doloribus
671 3709 769 3771 enimi
780 3717 814 3772 et
824 3707 1029 3793 corporis⁴)..
1039 3754 1065 3773 ..
1088 3707 1196 3793 Saepe
1208 3709 1293 3772 enim

154 3835 229 3884 enm
239 3821 297 3902 qni
307 3827 425 3904 peccat
435 3839 542 3904 neque
553 3815 684 3886 ducitur
692 3823 905 3905 poenitentia,
920 3821 1012 3886 Deus
1023 3821 1125 3905 injicit
1135 3823 1168 3885 in
1182 3827 1294 3883 tenta·

152 3931 276 4014 tionem
288 3931 540 4012 etsfflictioncs,
557 3939 592 3994 et
611 3951 673 4016 per
691 3933 889 3997 tentationes
900 3933 993 3998 venit
1013 3930 1056 3996 ad
1077 3932 1292 4017 agnitionem,

153 4041 319 4124 quomodo
325 4041 755 4107 acciditNabucbodonosor
767 4043 1019 4110 etManasse....
1037 4040 1151 4106 EtDei
1160 4039 1293 4124 quidem

221 4415 244 4481 ¹)
262 4416 325 4468 Jolr.
343 4417 375 4482 b,
394 4417 434 4468 rt
538 4416 562 4483 ¹)
580 4418 616 4468 11.
635 4416 698 4470 Cor.
717 4419 766 4482 12,
784 4422 809 4470 l.
915 4418 938 4489 ⁸)
957 4419 1019 4471 Job.
1037 4419 1086 4488 to,
1104 4419 1130 4473 d·
1257 4465 1266 4477 .

221 4508 245 4575 ⁴)
263 4509 338 4585 citat
356 4516 453 4563 auctor
469 4512 491 4564 1.
508 4510 570 4579 eor,
590 4513 638 4582 11,
655 4513 698 4564 ⁸1.
716 4514 759 4570 et.
