3225 5217
280 444 324 507 40

279 614 376 679 linem
392 614 532 679 tondunt
550 624 585 679 et
597 614 711 679 ordine
723 617 858 680 interae
868 622 1106 679 connectuntur
1116 624 1219 699 atque
1232 615 1420 679 cobserent

278 724 356 811 Ipse
378 748 463 791 nnuc
481 726 611 813 judices
633 726 748 809 velim,
778 749 856 791 num
883 748 951 790 non
979 730 1025 791 sit
1051 730 1170 791 nimiae
1197 726 1357 790 audaciae
1385 734 1421 789 et

279 840 489 913 temeritatis,
521 860 604 923 opus
631 837 695 902 boc
717 838 807 903 nulla
829 839 1001 925 diligentia
1021 838 1180 921 nulloque
1202 838 1318 901 ordine
1339 859 1421 901 cou-

280 952 436 1035 scriptum
459 970 533 1015 esse
556 949 665 1014 dicere
685 950 850 1035 planeque
866 950 947 1014 nibil
964 950 1065 1031 ahud,
1087 971 1186 1034 quam
1196 950 1421 1033 perturbatum

281 1058 486 1125 diversorum
510 1060 752 1145 opusculorum
764 1061 1002 1126 collectaneum
1022 1070 1125 1145 atque
1146 1063 1346 1147 farraginem
1367 1063 1422 1123 in-

281 1171 454 1235 conditam.
487 1171 600 1237 Facile
616 1176 739 1258 quippe
755 1182 818 1254 est,
836 1176 871 1237 iu
885 1174 985 1238 talem
997 1175 1194 1239 sententium
1206 1192 1421 1258 prorumpere

280 1280 465 1367 librumque
487 1282 705 1349 condemnare
726 1288 789 1349 etsi
806 1306 873 1349 non
888 1286 1021 1366 lectum,
1042 1286 1161 1349 saltem
1171 1306 1238 1349 non
1246 1288 1423 1371 integrum,

282 1403 319 1459 ut
340 1396 485 1481 suspicio
507 1395 585 1459 mihi
607 1396 722 1461 subest
746 1418 789 1461 ex
812 1400 853 1461 iis
875 1418 962 1481 quae
983 1406 1103 1482 postea
1124 1397 1346 1463 tractabimus.

370 1504 438 1573 Sed
460 1506 574 1592 objicit
595 1507 674 1571 mibi
696 1507 834 1591 aliquisz
854 1508 1025 1591 Numquid
1045 1508 1169 1573 ordinis
1191 1517 1254 1590 est,
1274 1505 1422 1593 capitil.

283 1616 348 1683 duo
382 1619 540 1705 opuscula
582 1618 708 1683 inseri?
750 1641 849 1683 unum
882 1619 1015 1703 quidem
1054 1620 1145 1703 quod
1181 1620 1369 1685 inscribitur
1384 1619 1423 1701 ¹)=

282 1728 358 1818 περὶ
382 1728 529 1809 πίστεως
551 1724 685 1804 inicum
706 1726 741 1795 ἐν
763 1727 918 1817 ἐπιτομῇ,
939 1731 1078 1795 alterum
1089 1752 1182 1813 uero,
1204 1734 1299 1815 cujus
1308 1732 1423 1795 titulus

284 1840 390 1925 estu:
420 1834 485 1907 Str
507 1842 593 1927 Θεῷ.
636 1839 842 1932 Προθεωρία
867 1843 926 1928 τῆς
954 1836 1150 1916 laodicens
1173 1843 1241 1908 scir
1260 1836 1346 1929 ὅρων
1365 1841 1425 1927 ”li

283 1950 415 2034 βίβλου,
435 1944 472 2043 ἧς
494 1946 514 2037 ἡ
536 1948 712 2033 ἐπωνυμία
734 1951 861 2037 λέγεται
875 1943 1027 2039 ‘Odrysis
1061 1954 1130 2019 Sed
1150 1963 1186 2019 ut
1203 1977 1224 2020 a
1239 1957 1425 2039 posteriore

284 2072 426 2131 tractatu
448 2067 610 2149 incipiam,
631 2067 660 2129 is
682 2072 773 2131 recte
796 2065 930 2148 quidem
952 2066 1032 2129 mihi
1045 2065 1178 2130 videtur
1198 2068 1326 2150 positus
1347 2073 1425 2130 ante

285 2185 386 2262 caput
396 2175 439 2241 11.
474 2175 639 2243 Edisserit
658 2178 755 2260 enim,
777 2180 893 2261 quanti
905 2180 1061 2241 momenti
1076 2179 1120 2241 sit
1134 2179 1252 2241 notitia
1261 2179 1426 2241 vanarum

285 2286 524 2368 definitionum,
547 2292 740 2374 praesertim
762 2309 884 2371 earum,
907 2310 994 2371 quae
1014 2287 1059 2353 ad
1080 2286 1237 2372 dogmata
1255 2288 1424 2373 religionis

285 2397 482 2465 christianae
514 2408 684 2485 spectent,
713 2400 859 2484 quidque
889 2400 1045 2465 differant
1071 2400 1328 2465 Ecclesiasticus
1353 2408 1425 2463 trs·

285 2508 418 2575 ditionis
451 2510 585 2595 regulae
618 2532 639 2574 a
669 2509 870 2577 Graecorum
902 2512 1141 2597 philosophicis
1170 2512 1424 2579 defimrionitua

285 2619 390 2705 Atqui
412 2624 445 2685 in
468 2623 554 2685 omni
575 2624 712 2687 scientia
733 2624 977 2708 pertractanda,
999 2618 1114 2707 quanti
1130 2626 1175 2688 sit
1186 2625 1258 2709 ejus
1268 2626 1425 2688 scientiae

286 2733 402 2797 notitia
440 2732 585 2817 quidque
619 2733 662 2797 ab
695 2733 767 2799 aliis
798 2734 948 2815 differat,
992 2738 1158 2821 praemitti
1188 2734 1284 2799 solet
1328 2733 1426 2798 Unde

287 2846 384 2911 otiam
396 2845 592 2911 Anastasius
615 2845 698 2909 hanc
720 2846 941 2931 protheoriam
958 2846 1201 2911 definitionibus
1222 2848 1304 2930 ipsis
1325 2865 1426 2929 prac-

286 2958 386 3022 mittit
407 2956 469 3023 hoe
491 2956 662 3043 exemplo:
687 2955 859 3041 ,Omnium
887 2966 1021 3021 nostras
1047 2958 1232 3021 mortalium
1260 2957 1425 3021 hominum

285 3077 424 3134 naturae
447 3072 641 3155 compositio
665 3073 805 3135 animam
826 3068 1018 3136 rationalem
1047 3080 1081 3134 ot
1107 3068 1363 3135 intellectualem
1391 3075 1426 3131 et

287 3182 528 3247 concretionem
551 3202 594 3246 cx
619 3180 799 3263 elementis,
815 3202 912 3265 qnam
925 3201 1055 3245 carnem
1068 3181 1217 3263 dicimus,
1238 3202 1260 3243 u
1273 3198 1426 3264 supremo

285 3312 392 3357 rorum
423 3290 602 3361 Conditorc
632 3296 749 3359 sortita
779 3302 846 3376 est3
888 3303 924 3357 at
945 3294 1015 3358 vita
1043 3292 1087 3357 ad
1116 3294 1248 3357 virtutis
1279 3312 1427 3355 normam

287 3403 500 3487 conformata,
524 3426 567 3469 ox
590 3406 732 3491 pietate,
756 3404 822 3469 fide
846 3404 1097 3487 divinorumque
1116 3392 1344 3468 mandatorum
1364 3402 1427 3467 oh·

286 3516 451 3579 servantia
479 3514 755 3600 pulchritudinem
784 3537 875 3581 suam
905 3517 993 3580 dicit.
1044 3514 1163 3598 Neque
1193 3517 1278 3579 enim
1308 3533 1427 3597 corpus

285 3627 393 3691 anima
414 3628 599 3691 testitutum
623 3630 724 3691 vitam
747 3648 807 3713 per
830 3648 867 3692 so
890 3628 1033 3709 obtinat;
1062 3646 1170 3709 nequa
1199 3624 1426 3689 mandatorum

289 3736 487 3819 observatio,
511 3740 632 3805 sicum
644 3759 725 3805 vcra
746 3746 779 3803 et
796 3737 983 3803 orthodoxa
1005 3738 1155 3803 doctrina
1175 3757 1242 3801 non
1259 3737 1427 3821 jungatur,

287 3848 464 3933 quidquam
488 3850 698 3917 emolumenti
720 3852 817 3937 parit.
850 3849 936 3914 Nam
959 3849 1048 3934 quod
1070 3852 1178 3913 anima
1200 3850 1340 3933 corpori,
1362 3848 1427 3911 boc

286 3968 435 4045 praestat
456 3963 585 4047 spiritui
608 3960 816 4041 orthodoxia,
839 3969 873 4025 et
894 3960 1051 4047 recta-ds
1072 3961 1171 4025 rebus
1190 3959 1309 4023 divinis
1332 3960 1426 4022 exis-

286 4074 422 4139 timatio.
454 4071 544 4139 Ante
566 4074 673 4137 omnia
695 4074 795 4158 igitur
817 4075 850 4136 in
871 4071 906 4135 id
927 4072 1151 4136 incumbamus
1174 4090 1282 4152 eoque
1299 4089 1426 4132 omnem

357 4430 379 4499 ¹)
399 4432 448 4484 col.
469 4434 500 4483 tl
521 4430 550 4483 Ο.
