3225 5217
1295 460 1337 524 39

113 681 118 687 .
197 629 275 695 Filii
295 630 361 693 Dei
382 631 537 713 apparuit
558 629 878 694 Nabuchodonosori
900 633 934 693 in
955 630 1090 694 fornace
1110 633 1215 717 ignis,
1246 639 1337 695 totus

196 743 299 805 totius
324 742 463 805 hominis
491 742 629 805 formam
662 762 742 825 prae
774 762 812 805 sc
845 741 975 805 ferebat
992 742 1031 823 ¹),
1060 744 1177 827 igneus
1205 751 1239 806 et
1269 745 1338 828 igni

198 862 373 937 cognatus,
406 857 504 917 immo
538 862 627 917 totus
651 856 775 938 igneus
809 860 967 935 totusque
999 852 1182 938 flammeus,
1223 857 1271 918 sic
1304 863 1339 919 et

198 964 321 1029 Christi
343 965 525 1029 humanitas
554 973 640 1045 erat,
670 972 741 1027 tota
768 986 829 1047 per
858 972 963 1027 totum
991 964 1162 1041 diuinitate
1191 966 1337 1049 perfusa,

196 1077 382 1159 divinaque.
404 1085 438 1139 et
459 1077 533 1140 Deo
565 1086 714 1161 cognata.
758 1075 804 1139 Et
832 1075 1105 1158 quemadmodum
1140 1079 1169 1139 si
1203 1080 1276 1160 quis
1304 1080 1337 1139 iu

197 1189 365 1253 fornacem
376 1188 465 1252 illam
484 1190 664 1273 ingressus,
686 1188 953 1269 circumcidisset,
965 1196 1023 1251 aut
1033 1187 1137 1272 alapis
1154 1188 1338 1270 cecidisset,

196 1310 254 1363 aut
275 1303 452 1382 vinxisset,
482 1308 539 1363 aut
567 1300 781 1380 totondisset,
812 1307 870 1363 aut
891 1300 1113 1363 transfixisset
1142 1300 1247 1378 illum,
1281 1302 1337 1383 qui

196 1416 229 1475 in
260 1413 365 1475 forma
393 1412 469 1475 Filii
500 1413 564 1477 Dei
599 1412 800 1497 apparebat,
833 1414 943 1496 ignem
972 1432 1180 1493 nequaquam
1209 1411 1252 1474 ab
1281 1411 1336 1475 illo

195 1532 399 1607 separasset,
428 1532 485 1585 aut
509 1526 724 1604 extinxisset,
754 1544 795 1587 co
818 1522 909 1605 quod
937 1530 1026 1585 totus
1055 1544 1116 1607 per
1137 1531 1242 1585 toturn
1265 1545 1338 1597 cum

194 1637 272 1718 igne
305 1638 415 1699 unitus
448 1634 566 1715 fuerit,
601 1637 648 1697 sie
681 1642 715 1697 et
745 1656 765 1697 a
803 1633 936 1697 Christo
965 1634 1050 1696 Filio
1078 1635 1160 1716 Dei,
1194 1656 1237 1697 ex
1271 1656 1337 1718 quo

195 1746 332 1831 angelus
364 1744 409 1809 ad
441 1746 580 1809 Mariam
612 1745 712 1809 dixit:
754 1746 857 1826 ,Ave
887 1748 995 1831 gratia
1022 1745 1141 1829 plena,
1176 1746 1336 1809 Dominus

196 1864 350 1937 tecum“,
373 1860 458 1941 ignis
482 1856 661 1921 divinitatis
684 1857 726 1921 ab
749 1857 950 1920 humanitate
972 1857 1063 1922 nullo
1085 1878 1228 1941 unquam
1250 1866 1337 1921 tem-

195 1990 277 2054 pore
300 1979 356 2033 aut
387 1970 454 2033 ulla
484 1972 517 2031 in
546 1990 583 2032 re
611 1976 783 2053 sepa-ratus
815 1976 883 2048 est,
914 1978 973 2031 aut
1006 1971 1105 2032 etiam
1134 1990 1276 2051 unquam
1303 1972 1337 2033 in

195 2103 324 2146 omnem
347 2084 575 2145 aeternitatem
599 2081 813 2165 separabitur.
856 2079 1024 2145 Confiteor
1052 2090 1227 2165 praeterea
1257 2102 1337 2145 sau·

196 2195 376 2257 ratissimum
389 2192 512 2257 Christi
524 2214 642 2276 corpus
659 2202 691 2255 et
703 2196 841 2255 animam
855 2192 961 2276 gloria
973 2201 1006 2255 et
1022 2192 1198 2276 splendore
1209 2200 1335 2256 tantum

195 2304 392 2369 antecedere
415 2314 545 2369 nostras
567 2307 692 2367 animas
716 2313 749 2367 et
771 2325 927 2387 corpora,
950 2313 1107 2386 quantum
1129 2306 1258 2388 species
1281 2304 1337 2367 illa

195 2418 228 2479 in
262 2419 387 2479 camino
420 2417 524 2503 ignis,
540 2414 713 2498 splendore
747 2437 806 2479 suo
843 2415 1066 2499 exsuperabat
1094 2415 1159 2478 alia
1187 2436 1336 2499 corpora,

196 2548 281 2609 quae
304 2534 400 2591 extra
422 2528 590 2591 fornacem
613 2534 713 2591 eraut.
750 2526 847 2590 Unde
859 2529 1114 2591 sacratissimam
1128 2527 1199 2611 ejus
1216 2546 1336 2609 corpus

195 2641 398 2705 nominamus
421 2638 577 2718 divinum,
601 2646 634 2701 et
657 2641 764 2701 omnia
787 2641 935 2721 corporis
958 2637 1088 2719 divina,
1121 2646 1154 2701 et
1176 2640 1334 2702 immacu-

196 2749 295 2813 latam
320 2751 390 2839 ejus
419 2752 559 2813 animam
581 2750 655 2813 Deo
687 2760 875 2835 cognatam,
904 2758 938 2813 et
969 2752 1076 2812 omnia
1099 2770 1183 2832 quae
1209 2751 1337 2842 animae

197 2869 398 2944 competunt,
422 2860 547 2943 divina3
570 2870 604 2925 et
626 2862 722 2924 simul
746 2882 819 2923 cum
838 2862 910 2924 Deo
933 2864 1038 2923 unita:
1060 2869 1200 2944 utraque
1220 2870 1338 2924 natura

196 2976 416 3057 proprietates
438 2994 514 3037 suas
536 2976 569 3037 in
600 2994 664 3036 una
687 2972 798 3036 divina
827 2993 968 3056 persona
996 2973 1186 3051 inconfuse,
1218 2975 1337 3035 immu-

196 3084 340 3148 tabiliter
353 3094 385 3147 ct
397 3084 882 3149 indivisibiliterconservante:
898 3082 1171 3166 quemadmodum
1183 3104 1203 3145 a
1215 3064 1336 3147 sanctis

113 3172 123 3182 β
197 3196 351 3259 Patribus
382 3196 535 3280 religiose
564 3196 718 3259 traditum
748 3204 808 3259 est.
853 3194 1022 3259 Confiteor
1051 3197 1166 3275 etiam,
1198 3197 1336 3258 animam

198 3315 232 3371 at
253 3328 375 3392 corpus
397 3328 481 3391 quac
501 3307 613 3373 Verbo
635 3308 844 3392 hypostatice
865 3308 956 3369 unita
977 3314 1062 3385 sunt,
1085 3304 1197 3373 Verbo
1220 3306 1337 3391 subjici

196 3419 358 3501 simulque
389 3442 462 3483 cum
485 3420 632 3483 omnibus
665 3419 922 3503 proprietatibus
950 3420 1018 3481 suis
1048 3440 1069 3481 a
1091 3416 1204 3481 Verbo
1231 3420 1336 3501 magis

196 3532 328 3615 regiae
351 3530 443 3611 duci,
474 3550 572 3613 quam
602 3532 668 3595 ulla
692 3531 756 3593 alia
779 3538 930 3595 creatura
953 3528 1060 3593 eidem
1090 3529 1280 3614 subjiciatur
1303 3539 1337 3594 et

196 3643 238 3707 ab
262 3643 377 3707 eodem
400 3651 554 3727 regatur3
578 3664 650 3707 cum
672 3643 770 3727 louge
793 3643 915 3705 arctius
938 3662 1011 3705 cum
1030 3640 1141 3706 Verbo
1164 3642 1338 3726 conjuncta

196 3758 278 3837 siut,
301 3776 399 3838 quam
422 3756 508 3819 ullae
530 3755 615 3819 aliae
638 3776 691 3819 res
714 3753 876 3819 creatae“.

282 3867 448 3951 Proposui
468 3866 529 3931 tibi
550 3866 725 3947 hacteuus,
756 3867 861 3929 amice
889 3866 1011 3947 lector,
1043 3867 1138 3948 quasi
1167 3864 1336 3951 speculum

197 3976 363 4062 quoddam
392 3980 493 4040 totius
523 3980 632 4061 operis
665 3985 699 4041 et
727 3984 831 4041 totam
859 3996 945 4059 pene
980 3978 1050 4061 ejus
1083 3979 1202 4041 seriem
1235 3983 1336 4059 atque

197 4097 389 4153 contextum
416 4088 477 4152 tibi
507 4088 625 4153 evolvi.
668 4087 768 4152 Certe
801 4089 909 4152 omnia
934 4090 968 4151 iu
996 4110 1094 4151 unum
1128 4087 1334 4170 eundemque

1027 4304 1337 4313 μ
