3225 5217
213 481 218 493 ι
278 527 341 590 140

276 705 310 762 et
332 697 477 764 salutare
498 719 558 782 per
581 719 618 762 so
639 698 713 764 Deo
736 698 892 783 placitum
914 707 985 782 est3
1014 718 1123 782 neque
1145 700 1246 764 ctiam
1264 719 1417 764 manuum

274 809 399 874 ablutio
421 811 574 895 purgatio
598 813 725 874 censeri
747 809 857 874 debet.
900 809 969 876 Sed
989 809 1079 874 istud
1101 811 1175 875 Deo
1201 819 1330 896 gratum
1357 832 1418 874 ac-

275 929 473 1006 ceptumque
496 929 563 1003 est,
590 929 627 985 ut
649 924 722 1004 quis
745 922 854 1007 fugiat
875 931 909 986 et
932 921 1093 986 emaculet
1112 925 1242 1007 peccati
1263 924 1417 1004 inquina-

242 1105 249 1112 ‚
274 1043 401 1116 menta,
432 1041 468 1100 et
490 1033 715 1116 confessione,
742 1042 776 1098 et
796 1033 965 1118 lacrymis,
983 1036 1169 1117 animoque
1192 1033 1362 1097 humiliato
1383 1040 1438 1096 et·

275 1145 418 1211 demisso
446 1145 639 1210 delictorum
670 1154 805 1212 catenas
833 1146 958 1229 solvat,
991 1148 1106 1230 sicque
1137 1144 1182 1210 ad
1209 1145 1418 1210 immaculata
1458 1196 1464 1204 .

274 1259 432 1342 mysteria
454 1257 600 1322 accedat

361 1369 410 1436 Ar
436 1369 524 1435 forte
547 1368 672 1434 dixerit
708 1373 802 1454 quis:
839 1370 1004 1455 Meipsum
1032 1369 1156 1435 deflere
1185 1378 1220 1435 et
1247 1369 1419 1434 lamentari
1513 1425 1517 1433 .

275 1504 341 1558 non
372 1489 424 1548 est
451 1482 530 1544 mihi
555 1481 744 1568 jucundum.
788 1482 865 1560 Qua
891 1481 934 1547 de
964 1503 1065 1548 causa
1086 1481 1190 1547 vero?
1233 1481 1320 1561 Qua
1351 1501 1417 1544 non

275 1594 423 1674 laboras,
459 1596 537 1676 quia
569 1607 634 1657 uon
663 1595 783 1676 sentis,
818 1596 896 1677 quia
922 1613 988 1658 non
1016 1593 1195 1678 perpendis
1228 1593 1418 1658 horribilem

277 1706 363 1771 diem
374 1705 497 1791 judicii.
530 1704 749 1768 Nihilominus
764 1708 793 1770 si
806 1706 888 1771 flere
899 1727 964 1770 non
980 1713 1088 1790 potes,
1110 1705 1228 1769 saltem
1238 1706 1417 1790 ingemisce
1431 1775 1436 1782 ¹

277 1825 312 1882 ct
333 1817 485 1882 molestia
507 1817 657 1882 afficerer
679 1821 778 1880 risum
803 1819 999 1901 comprime,
1023 1816 1197 1883 elationem
1217 1817 1333 1901 abjice.
1372 1815 1418 1878 Et

276 1949 350 1997 cum
372 1930 490 1994 timore
513 1930 656 1995 Domino
677 1932 814 2010 assiste,
838 1928 942 1992 oculis
963 1928 1053 1992 humi
1074 1927 1212 2009 defixis,
1234 1929 1417 2012 spirituque

277 2039 434 2126 depresso
472 2050 506 2106 et
546 2048 712 2126 prostrato
750 2043 815 2125 ipsi
848 2041 1016 2104 confitens.
1059 2039 1179 2104 Nonne
1205 2039 1300 2103 vidos
1331 2037 1419 2118 illos,

277 2155 334 2235 qui
356 2162 487 2218 terreno
509 2155 581 2237 regi
603 2160 729 2234 astant,
753 2160 787 2217 et
808 2153 943 2235 saepius
964 2150 1095 2236 quirlem
1118 2153 1228 2236 impio,
1251 2147 1416 2233 quomodo

277 2264 308 2326 ei
329 2266 488 2328 assistant
517 2284 590 2328 eum
620 2265 707 2328 omni
736 2264 938 2345 reverentia,
973 2283 1048 2326 cum
1077 2270 1221 2327 tremore
1248 2265 1283 2326 in
1309 2264 1419 2346 ipsum

274 2377 498 2459 respicientes,
521 2375 648 2458 absque
668 2374 841 2457 ullavoce‚
863 2377 1008 2440 mot-iona
1029 2382 1087 2438 aut
1105 2375 1416 2460 circumagitatioue,

275 2488 378 2569 quieti
407 2506 543 2570 prorsus
571 2488 770 2570 pavorisque
800 2485 914 2571 pleni?
957 2485 1005 2550 At
1030 2506 1091 2550 nos
1118 2489 1151 2550 in
1172 2483 1325 2551 Ecclesia
1350 2504 1417 2548 non

274 2589 370 2662 a‘liter
382 2600 510 2682 agimus
526 2618 623 2681 quam
643 2599 676 2660 iu
697 2591 829 2675 theatro
850 2605 909 2661 aut
925 2597 1060 2678 balneo,
1083 2596 1229 2673 ridendo,
1251 2595 1414 2682 ungendo,

274 2708 459 2794 garriendo.
506 2709 580 2788 Qua
607 2711 735 2774 ratione
766 2711 831 2794 ipsi
859 2729 920 2772 nos
949 2708 1108 2789 fallimus,
1137 2726 1203 2772 non
1224 2714 1417 2792 reputantes

273 2841 334 2886 nos
364 2822 397 2882 in
419 2818 560 2884 ecclesia
588 2840 672 2888 esse.
716 2819 771 2884 An
798 2823 930 2904 ignoras
952 2818 1136 2884 Ecclesiam
1157 2815 1222 2885 Dei
1252 2819 1416 2886 officinam

273 2931 543 3006 medioam1csse
577 2939 611 2996 ct
643 2931 797 3016 portum?
842 2929 880 2996 Si
912 2932 1013 3016 igitur
1045 2930 1213 3020 ingdomo
1245 2929 1364 2996 medici
1396 2951 1417 2992 a

274 3041 389 3106 morbo
411 3050 469 3106 tuo
491 3063 556 3106 non
578 3042 745 3123 libereris,
773 3042 831 3106 ubi
853 3042 895 3107 de
918 3050 1061 3107 caetero·
1079 3041 1270 3106 curaberis?
1312 3040 1359 3104 Et
1388 3043 1418 3104 si

274 3156 308 3218 in
330 3161 427 3238 portu
450 3153 604 3218 fluctibus
625 3155 772 3239 agiteris,
795 3154 852 3218 ubi
873 3161 993 3238 postea
1014 3152 1190 3237 quiesces?
1226 3151 1330 3231 State,
1354 3151 1417 3216 ob·

275 3286 389 3348 sacro,
424 3286 497 3330 cum
530 3269 725 3332 reverentia.
779 3265 854 3344 Quo
883 3268 970 3330 enim
1000 3265 1123 3330 affectu
1151 3273 1187 3330 et
1214 3285 1282 3348 quo
1309 3266 1416 3327 animo

277 3380 417 3461 quisque
447 3377 503 3442 illo
527 3385 675 3464 tempore
697 3381 846 3460 assistit,
879 3381 927 3442 sic
953 3386 989 3444 st
1018 3377 1061 3442 ad
1083 3378 1258 3442 Dominum
1288 3394 1416 3440 sursum

235 3529 240 3540 ·
275 3489 391 3555 fertur.
434 3481 604 3577 Ἀναφορά
627 3494 728 3574 enim,
759 3494 831 3556 sive
853 3491 995 3556 elevatio
1017 3489 1154 3570 dieitur,
1182 3487 1260 3572 quia
1287 3507 1417 3553 sursum

275 3600 319 3664 ad
340 3601 448 3667 Deum
471 3602 586 3666 fertur.
616 3601 762 3680 ‚Assiste
791 3604 893 3688 igitur
914 3602 989 3666 Deo
1018 3603 1130 3685 quiete
1160 3608 1201 3664 et‘
1220 3607 1416 3690 compuncto

277 3712 387 3778 corde.
430 3712 599 3778 Confitere
619 3714 693 3779 Deo
718 3733 779 3797 per
808 3713 984 3781 sacerdotes
1010 3720 1149 3796 peccata
1174 3718 1233 3775 tua
1246 3709 1282 3792 ¹).
1327 3708 1418 3774 Con-

276 3823 395 3890 demna
419 3828 566 3891 actiones
589 3833 683 3908 tuas,
713 3846 755 3890 ne
779 3826 965 3890 erubescas.
1009 3822 1073 3888 Est
1094 3826 1182 3888 enim
1204 3821 1338 3906 „pudor
1360 3823 1418 3904 qui

278 3935 419 4002 adduxit
444 3945 633 4022 peccatum,
668 3944 702 4003 et
716 3945 785 4004 ,est
815 3937 922 4022 pudor
955 3940 1012 4021 qui
1045 3936 1184 4023 gloriam
1217 3943 1251 4000 et
1278 3936 1417 4020 gratiam

278 4050 391 4134 parit“
407 4047 443 4132 t).
489 4047 682 4113 Condemna
702 4057 737 4114 te
758 4051 792 4116 in
814 4056 995 4133 conspectu
1023 4049 1205 4128 hominum,
1238 4053 1277 4109 ut
1307 4065 1418 4111 coram

275 4265 592 4276 ——ffl

346 4426 368 4493 ¹)
388 4422 604 4500 ,ξΕΕομολόγησαι
621 4433 657 4498 τῷ
671 4388 726 4498 0qu
749 4423 789 4478 tu
805 4437 855 4478 τῶν
874 4422 960 4499 ἱερέων
978 4423 1023 4482 τὰς
1041 4419 1162 4498 ἁμαρτίας
1180 4424 1244 4475 σου“
1263 4423 1314 4473 col.
1325 4413 1416 4474 8330.

346 4522 373 4588 ²)
387 4522 461 4574 noer.
480 4524 510 4590 4,
529 4521 571 4573 aa.
1182 4531 1185 4536 ·
