3225 5217
289 502 352 566 158

373 672 456 738 Erat
482 676 582 760 igitur
608 676 673 738 istc
687 663 794 739 ¹mons
815 672 961 738 Arabiae
981 672 1145 735 Potraeae
1173 691 1195 734 a
1223 670 1337 753 primis
1357 667 1427 734 Ec÷

288 787 409 852 clasiae
430 785 633 870 temporibus
656 784 851 850 Christianis
872 806 939 848 non
959 786 1066 847 minus
1094 803 1193 866 qnam
1214 780 1353 846 Judaeis
1373 783 1427 844 in-

287 900 400 982 primis
431 906 563 962 sanctus
576 896 609 980 ¹).
657 895 799 980 Insignis
833 897 920 960 enim
952 903 1024 960 erat
1050 894 1117 958 Dei
1151 892 1323 976 colloquiis
1354 913 1427 956 cnm

287 1008 407 1092 Moyse
438 1017 473 1073 et
499 1008 575 1093 lege
605 1005 647 1070 V.
668 1006 707 1070 T.
736 1005 866 1074 tradita
909 1005 961 1070 Eo
990 1009 1090 1071 etiam
1117 1004 1321 1088 temporibus
1348 1024 1429 1095 per-

288 1122 490 1186 secutionmn
511 1119 606 1182 multi
627 1116 743 1182 fideles
758 1138 802 1182 ex
814 1118 974 1202 Aegypto
985 1114 1263 1202 confugiebant²).
1295 1113 1426 1178 Deinde

289 1229 429 1296 maculis
450 1233 549 1294 tertio
572 1236 606 1294 et
629 1236 747 1311 quarto
769 1228 864 1292 multi
885 1231 985 1294 etiam
1005 1229 1224 1292 anachoretae
1247 1247 1287 1290 eo
1310 1245 1349 1290 sc
1369 1245 1427 1288 re-

289 1340 472 1426 cipiebant,
508 1342 564 1422 qui
596 1341 630 1402 in
660 1330 826 1423 specubus
853 1340 974 1403 circum
1000 1339 1146 1424 disjectis
1174 1336 1367 1401 habitabant
1395 1343 1429 1398 et

289 1452 395 1520 solum
416 1454 548 1518 statutis
570 1450 687 1516 diebus
709 1451 797 1535 apud
819 1453 984 1516 antistites
1005 1471 1084 1516 suos
1107 1458 1141 1516 et
1157 1451 1333 1532 magistros
1347 1467 1429 1510 con-

289 1565 473 1630 veniebant.
522 1562 634 1628 Medio
665 1563 797 1628 saeculo
832 1571 951 1645 quarto
977 1563 1024 1627 ibi
1057 1561 1247 1626 morabatur
1276 1557 1429 1626 Silvanus

290 1676 439 1761 quidam,
468 1675 571 1740 abbas
600 1683 633 1740 et
654 1675 854 1739 anachoreta
875 1673 1079 1759 Aegyptius,
1110 1672 1324 1757 complurium
1354 1691 1430 1736 erc-

289 1791 438 1852 mitarum
461 1789 600 1852 antistes
609 1785 648 1870 ³).
693 1784 789 1851 Circa
810 1807 840 1852 a.
862 1787 936 1850 373.
957 1785 1150 1850 Ammonius
1180 1783 1329 1867 quidam,
1356 1805 1431 1848 mo-

289 1898 413 1964 nachus
448 1897 654 1982 Aegyptiae,
690 1917 790 1979 quum
824 1917 918 1962 sacra
950 1897 1160 1961 Palaestinae
1195 1895 1270 1960 loca
1302 1897 1430 1960 visurus

291 2011 389 2074 etiam
411 1997 445 2072 in
466 2017 609 2074 montem
627 2007 719 2074 Sinai
739 2011 901 2090 venisset,
923 2008 970 2072 ibi
988 2011 1113 2072 invenit
1128 2008 1250 2073 multos
1266 2009 1430 2087 eremitas,

290 2120 352 2186 sub
374 2119 462 2183 Dula
484 2119 625 2203 quodam
647 2123 793 2185 antistite
815 2121 1026 2200 constitutos,
1049 2122 1107 2203 qni
1128 2121 1318 2204 parcissimo
1341 2120 1430 2181 victu

289 2231 500 2311 fruebantur,
525 2238 559 2296 et
577 2251 639 2316 per
662 2251 756 2296 omne
775 2230 1166 2316 sabbatumcongregati,
1189 2252 1289 2313 quum
1300 2239 1430 2294 noctem

290 2344 392 2408 sacris
415 2342 614 2408 orationibus
636 2344 859 2428 peregissent,
882 2341 936 2406 die
957 2342 1130 2406 Dominica
1151 2362 1277 2406 sacram
1296 2339 1431 2404 Eucha-

290 2457 415 2520 ristiam
436 2453 651 2538 recipiebant,
674 2473 739 2536 quo
762 2454 854 2518 facto
876 2460 993 2518 rursus‘
1011 2455 1044 2516 in
1065 2474 1143 2517 suas
1165 2455 1305 2535 quisque
1328 2450 1431 2515 cellas

290 2565 541 2636 revertebantur
552 2563 587 2646 ⁴).
631 2563 758 2628 Eodem
781 2565 854 2628 fere
875 2573 1024 2648 tempore
1054 2567 1117 2628 viri
1144 2567 1266 2646 sancti,
1294 2563 1432 2628 orationi

292 2684 326 2742 et
344 2676 548 2742 meditationi
565 2675 848 2769 abstinentiaeque
865 2673 986 2756 dediti,
1008 2696 1068 2759 per
1079 2674 1262 2740 Saracenos
1282 2673 1432 2757 exterriti
1472 2750 1478 2755 Π

292 2795 368 2854 sunt
398 2796 498 2870 atque
529 2785 745 2870 quadraginta
779 2785 823 2850 ab
859 2785 924 2850 illis
959 2785 1110 2850 monachi
1142 2787 1259 2868 occisi,
1293 2805 1432 2867 quorum

214 2881 227 2906 ‘
291 2899 442 2964 Ecclesia
470 2901 658 2963 memoriam
687 2899 757 2982 agit
787 2895 841 2960 dic
872 2898 922 2960 14.
951 2897 1072 2960 mensis
1102 2895 1260 2959 Januarii.
1309 2894 1433 2958 Exstat

292 3012 390 3075 etiam
412 3011 554 3094 inpiam
579 3029 689 3074 eorum
710 2987 973 3072 recordationem
994 3009 1225 3070 monasterium
1255 3005 1431 3088 quoddam,

291 3123 344 3186 cui
366 3141 484 3185 nomen
505 3118 646 3202 Erboin,
674 3121 694 3182 i.
719 3139 745 3182 e.
768 3117 1012 3202 Quadraginta,
1042 3120 1076 3181 in
1096 3117 1184 3180 valle
1206 3137 1291 3199 quae
1314 3115 1432 3179 dicitur

292 3231 324 3296 el
340 3229 538 3314 Ledscha⁶).
571 3230 676 3296 Iidem
692 3230 848 3298 Saraceni
863 3233 897 3294 in
914 3229 1053 3312 Raithu‚
1077 3228 1166 3312 quod
1187 3227 1275 3292 idem
1293 3226 1432 3290 habetur

293 3363 365 3407 cum
389 3364 429 3408 eo
452 3341 542 3425 quod
564 3361 650 3406 nunc
672 3350 723 3408 est
745 3341 813 3406 Tor
833 3342 872 3404 in'
889 3340 999 3406 littore
1019 3341 1118 3404 maris
1139 3338 1228 3401 rubri
1255 3339 1369 3418 situm,
1398 3345 1432 3400 et

293 3452 400 3518 denuo
422 3455 457 3518 in
471 3462 582 3518 monte
594 3452 673 3520 Sina
693 3455 779 3518 circa
795 3474 825 3517 a.
842 3453 915 3517 390.
933 3450 1110 3516 monachos
1122 3448 1373 3528 interfecerunt,
1395 3455 1432 3512 ut

291 3573 433 3632 testatur
455 3564 489 3632 S.
515 3563 657 3646 Nilus⁶).
701 3557 815 3628 Medio
844 3563 977 3628 saeculo
1004 3564 1118 3646 quinto
1146 3562 1185 3622 in
1208 3566 1319 3623 monte
1341 3556 1432 3623 Sinai

364 3923 385 3990 ¹)
406 3924 441 3974 cf.
460 3924 510 3984 Qu.
531 3927 580 3975 117
598 3938 682 3990 supra
698 3939 725 3988 p.
744 3923 786 3974 86.
891 3922 914 3988 ²)
934 3920 1040 3972 (litatur
1056 3921 1156 3971 Euscb.
1172 3920 1201 3976 h.
1220 3934 1244 3968 e.
1263 3921 1292 3984 d,
1310 3919 1352 3968 42.

245 4039 247 4044 ·
362 4015 635 4084 ⁸)Git.'1'illamont,
659 4020 801 4068 memoires
827 4031 899 4081 pour
922 4019 1009 4066 servir
1031 4015 1084 4064 Μ’
1100 4015 1214 4065 histoire
1238 4013 1306 4064 eccl.
1323 4011 1359 4062 X.
1377 4012 1429 4062 448

293 4126 350 4177 sqq.
387 4110 520 4177 Colelier,
539 4113 604 4163 eccl.
623 4128 713 4177 graec.
732 4127 803 4162 mon.
822 4111 844 4160 I.
864 4111 914 4162 563
932 4125 989 4174 sqq.

362 4204 385 4271 ⁴)
404 4205 550 4256 Tillomont
567 4207 585 4254 l.
605 4221 628 4257 c.
646 4206 707 4256 VII.
727 4205 777 4255 673
797 4219 871 4268 seqq.

363 4299 385 4365 ⁸)
404 4297 459 4350 Cir.
479 4299 669 4364 Quaresmius,
686 4298 792 4348 Elucid.
810 4303 901 4350 torrae
919 4314 941 4348 a.
959 4298 994 4348 11.
1014 4299 1073 4348 996.

364 4393 386 4459 ⁶)
405 4392 455 4444 cit.
474 4391 501 4446 S.
520 4394 575 4444 Nili
593 4408 677 4458 opera
695 4392 740 4444 ed.
756 4393 838 4444 Petro
856 4393 980 4443 Possino.
1015 4393 1078 4443 Lat.
1096 4390 1160 4444 Par.
1179 4392 1254 4442 1369.
1291 4388 1365 4441 Acta
1381 4387 1432 4443 SS.

294 4489 405 4541 Januar.
441 4489 472 4538 Τ.
490 4488 511 4539 1.
523 4489 580 4546 ‚953
599 4501 673 4552 seqq.
