<?xml version="1.0" encoding="UTF-8"?>
<!DOCTYPE html PUBLIC "-//W3C//DTD XHTML 1.0 Transitional//EN"
    "http://www.w3.org/TR/xhtml1/DTD/xhtml1-transitional.dtd">
<html xmlns="http://www.w3.org/1999/xhtml" xml:lang="en" lang="en">
 <head>
  <title>
</title>
<meta http-equiv="Content-Type" content="text/html;charset=utf-8" />
  <meta name='ocr-system' content='tesseract 3.04.00' />
  <meta name='ocr-capabilities' content='ocr_page ocr_carea ocr_par ocr_line ocrx_word'/>
</head>
<body>
  <div class='ocr_page' id='page_1' title='image "./deanastasiosina00kumpgoog_0131.png"; bbox 0 0 3225 5217; ppageno 0'>
   <div class='ocr_carea' id='block_1_1' title="bbox 1266 521 1328 588">
    <p class='ocr_par' dir='ltr' id='par_1_1' title="bbox 1266 521 1328 588">
     <span class='ocr_line' id='line_1_1' title="bbox 1266 521 1328 588; baseline 0.032 -2"><span class='ocrx_word' id='word_1_1' title='bbox 1266 521 1328 588; x_wconf 82' lang='lat'>105</span> 
     </span>
    </p>
   </div>
   <div class='ocr_carea' id='block_1_2' title="bbox 183 692 1328 1454">
    <p class='ocr_par' dir='ltr' id='par_1_2' title="bbox 183 692 1328 1454">
     <span class='ocr_line' id='line_1_2' title="bbox 184 692 1328 780; baseline 0 -20"><span class='ocrx_word' id='word_1_2' title='bbox 184 698 220 760; x_wconf 91' lang='lat' dir='ltr'>in</span> <span class='ocrx_word' id='word_1_3' title='bbox 240 717 294 761; x_wconf 86' lang='lat' dir='ltr'>res</span> <span class='ocrx_word' id='word_1_4' title='bbox 314 697 442 761; x_wconf 69' lang='lat' dir='ltr'>(limnas</span> <span class='ocrx_word' id='word_1_5' title='bbox 459 695 603 762; x_wconf 86' lang='lat' dir='ltr'>studium</span> <span class='ocrx_word' id='word_1_6' title='bbox 619 704 805 762; x_wconf 87' lang='lat' dir='ltr'>etmentem</span> <span class='ocrx_word' id='word_1_7' title='bbox 817 694 1046 780; x_wconf 77' lang='lat' dir='ltr'>philosophiae</span> <span class='ocrx_word' id='word_1_8' title='bbox 1057 692 1161 759; x_wconf 82' lang='lat' dir='ltr'><strong>Verbi</strong></span> <span class='ocrx_word' id='word_1_9' title='bbox 1173 693 1328 776; x_wconf 84' lang='lat' dir='ltr'>deditam,</span> 
     </span>
     <span class='ocr_line' id='line_1_3' title="bbox 184 808 1328 893; baseline 0 -21"><span class='ocrx_word' id='word_1_10' title='bbox 184 817 341 892; x_wconf 90' lang='lat' dir='ltr'>tanquam</span> <span class='ocrx_word' id='word_1_11' title='bbox 369 810 543 872; x_wconf 79' lang='lat' dir='ltr'><strong>animatam</strong></span> <span class='ocrx_word' id='word_1_12' title='bbox 576 810 626 872; x_wconf 91' lang='lat' dir='ltr'>tui</span> <span class='ocrx_word' id='word_1_13' title='bbox 655 811 802 893; x_wconf 89' lang='lat' dir='ltr'>corporis</span> <span class='ocrx_word' id='word_1_14' title='bbox 836 808 973 892; x_wconf 84' lang='lat' dir='ltr'>figuram</span> <span class='ocrx_word' id='word_1_15' title='bbox 1005 810 1124 891; x_wconf 78' lang='lat' dir='ltr'>excepi</span> <span class='ocrx_word' id='word_1_16' title='bbox 1154 809 1328 872; x_wconf 80' lang='lat' dir='ltr'>inanimem</span> 
     </span>
     <span class='ocr_line' id='line_1_4' title="bbox 185 918 1328 1005; baseline -0.003 -21"><span class='ocrx_word' id='word_1_17' title='bbox 185 922 330 984; x_wconf 88' lang='lat' dir='ltr'>chartam</span> <span class='ocrx_word' id='word_1_18' title='bbox 352 928 430 985; x_wconf 86' lang='lat' dir='ltr'>tuae</span> <span class='ocrx_word' id='word_1_19' title='bbox 452 923 646 1005; x_wconf 78' lang='lat' dir='ltr'>scripturae,</span> <span class='ocrx_word' id='word_1_20' title='bbox 669 941 755 1004; x_wconf 91' lang='lat' dir='ltr'>quae</span> <span class='ocrx_word' id='word_1_21' title='bbox 777 923 872 1004; x_wconf 88' lang='lat' dir='ltr'>petit,</span> <span class='ocrx_word' id='word_1_22' title='bbox 896 919 1041 984; x_wconf 85' lang='lat' dir='ltr'>utdetur</span> <span class='ocrx_word' id='word_1_23' title='bbox 1060 918 1181 982; x_wconf 88' lang='lat' dir='ltr'>solutio</span> <span class='ocrx_word' id='word_1_24' title='bbox 1204 939 1328 1002; x_wconf 86' lang='lat' dir='ltr'>eorum,</span> 
     </span>
     <span class='ocr_line' id='line_1_5' title="bbox 185 1031 1328 1116; baseline 0 -20"><span class='ocrx_word' id='word_1_25' title='bbox 185 1033 369 1116; x_wconf 84' lang='lat' dir='ltr'>dequibus</span> <span class='ocrx_word' id='word_1_26' title='bbox 397 1031 566 1097; x_wconf 89' lang='lat' dir='ltr'>dubitatur</span> <span class='ocrx_word' id='word_1_27' title='bbox 597 1053 617 1096; x_wconf 87' lang='lat' dir='ltr'>a</span> <span class='ocrx_word' id='word_1_28' title='bbox 647 1032 763 1098; x_wconf 90' lang='lat' dir='ltr'>multis</span> <span class='ocrx_word' id='word_1_29' title='bbox 792 1035 826 1096; x_wconf 91' lang='lat' dir='ltr'>in</span> <span class='ocrx_word' id='word_1_30' title='bbox 858 1031 1088 1114; x_wconf 87' lang='lat' dir='ltr'>Hexaemero,</span> <span class='ocrx_word' id='word_1_31' title='bbox 1122 1031 1157 1094; x_wconf 91' lang='lat' dir='ltr'>id</span> <span class='ocrx_word' id='word_1_32' title='bbox 1190 1037 1259 1112; x_wconf 85' lang='lat' dir='ltr'>est,</span> <span class='ocrx_word' id='word_1_33' title='bbox 1294 1033 1328 1096; x_wconf 90' lang='lat' dir='ltr'>iu</span> 
     </span>
     <span class='ocr_line' id='line_1_6' title="bbox 185 1143 1327 1228; baseline 0 -20"><span class='ocrx_word' id='word_1_34' title='bbox 185 1147 351 1210; x_wconf 75' lang='lat' dir='ltr'>creatione</span> <span class='ocrx_word' id='word_1_35' title='bbox 384 1165 447 1210; x_wconf 86' lang='lat' dir='ltr'>sex</span> <span class='ocrx_word' id='word_1_36' title='bbox 480 1145 616 1211; x_wconf 88' lang='lat' dir='ltr'>dierum.</span> <span class='ocrx_word' id='word_1_37' title='bbox 660 1145 881 1225; x_wconf 79' lang='lat' dir='ltr'>Quamobrem</span> <span class='ocrx_word' id='word_1_38' title='bbox 915 1165 956 1210; x_wconf 84' lang='lat' dir='ltr'>eo</span> <span class='ocrx_word' id='word_1_39' title='bbox 988 1144 1109 1226; x_wconf 81' lang='lat' dir='ltr'>fretus,</span> <span class='ocrx_word' id='word_1_40' title='bbox 1144 1147 1201 1228; x_wconf 94' lang='lat' dir='ltr'>qui</span> <span class='ocrx_word' id='word_1_41' title='bbox 1234 1143 1327 1209; x_wconf 71' lang='lat' dir='ltr'>dieite</span> 
     </span>
     <span class='ocr_line' id='line_1_7' title="bbox 185 1255 1328 1342; baseline 0.002 -22"><span class='ocrx_word' id='word_1_42' title='bbox 185 1256 317 1338; x_wconf 86' lang='lat' dir='ltr'>,Petite</span> <span class='ocrx_word' id='word_1_43' title='bbox 340 1265 374 1322; x_wconf 88' lang='lat' dir='ltr'>et</span> <span class='ocrx_word' id='word_1_44' title='bbox 395 1259 564 1342; x_wconf 79' lang='lat' dir='ltr'>accipietis</span> <span class='ocrx_word' id='word_1_45' title='bbox 581 1257 626 1338; x_wconf 83' lang='lat'>¹).</span> <span class='ocrx_word' id='word_1_46' title='bbox 639 1308 647 1323; x_wconf 91' lang='lat'><strong>.</strong></span> <span class='ocrx_word' id='word_1_47' title='bbox 661 1258 702 1340; x_wconf 85' lang='lat'>.“,</span> <span class='ocrx_word' id='word_1_48' title='bbox 723 1260 757 1321; x_wconf 88' lang='lat' dir='ltr'>in</span> <span class='ocrx_word' id='word_1_49' title='bbox 780 1278 821 1323; x_wconf 87' lang='lat' dir='ltr'>eo</span> <span class='ocrx_word' id='word_1_50' title='bbox 843 1277 936 1342; x_wconf 86' lang='lat' dir='ltr'>spem</span> <span class='ocrx_word' id='word_1_51' title='bbox 953 1277 1064 1322; x_wconf 89' lang='lat' dir='ltr'>eorum</span> <span class='ocrx_word' id='word_1_52' title='bbox 1081 1276 1165 1340; x_wconf 81' lang='lat' dir='ltr'>quae</span> <span class='ocrx_word' id='word_1_53' title='bbox 1181 1255 1328 1322; x_wconf 85' lang='lat' dir='ltr'>dicturus</span> 
     </span>
     <span class='ocr_line' id='line_1_8' title="bbox 183 1368 1328 1454; baseline -0.002 -20"><span class='ocrx_word' id='word_1_54' title='bbox 183 1390 255 1434; x_wconf 88' lang='lat' dir='ltr'>sum</span> <span class='ocrx_word' id='word_1_55' title='bbox 278 1368 461 1449; x_wconf 90' lang='lat' dir='ltr'>collocans,</span> <span class='ocrx_word' id='word_1_56' title='bbox 495 1378 573 1454; x_wconf 91' lang='lat' dir='ltr'>post</span> <span class='ocrx_word' id='word_1_57' title='bbox 604 1369 698 1443; x_wconf 83' lang='lat' dir='ltr'>illos,</span> <span class='ocrx_word' id='word_1_58' title='bbox 732 1372 790 1453; x_wconf 88' lang='lat' dir='ltr'>qui</span> <span class='ocrx_word' id='word_1_59' title='bbox 823 1378 921 1434; x_wconf 89' lang='lat' dir='ltr'>antea</span> <span class='ocrx_word' id='word_1_60' title='bbox 951 1368 1156 1449; x_wconf 82' lang='lat' dir='ltr'>laborarunt,</span> <span class='ocrx_word' id='word_1_61' title='bbox 1178 1369 1328 1453; x_wconf 85' lang='lat' dir='ltr'>vestigiis</span> 
     </span>
    </p>
   </div>
   <div class='ocr_carea' id='block_1_3' title="bbox 1331 636 1367 676">
    <p class='ocr_par' dir='ltr' id='par_1_3' title="bbox 1331 636 1367 676">
     <span class='ocr_line' id='line_1_9' title="bbox 1331 636 1367 676; baseline 0 0"><span class='ocrx_word' id='word_1_62' title='bbox 1331 636 1367 676; x_wconf 60' lang='lat' dir='ltr'>k</span> 
     </span>
    </p>
   </div>
   <div class='ocr_carea' id='block_1_4' title="bbox 184 1467 1450 1564">
    <p class='ocr_par' dir='ltr' id='par_1_4' title="bbox 184 1467 1450 1564">
     <span class='ocr_line' id='line_1_10' title="bbox 184 1467 1450 1564; baseline -0.001 -21"><span class='ocrx_word' id='word_1_63' title='bbox 184 1501 297 1544; x_wconf 89' lang='lat' dir='ltr'>eorum</span> <span class='ocrx_word' id='word_1_64' title='bbox 317 1482 483 1564; x_wconf 84' lang='lat' dir='ltr'>insistens,</span> <span class='ocrx_word' id='word_1_65' title='bbox 506 1485 563 1564; x_wconf 91' lang='lat' dir='ltr'>qui</span> <span class='ocrx_word' id='word_1_66' title='bbox 585 1485 673 1547; x_wconf 88' lang='lat' dir='ltr'>eirea</span> <span class='ocrx_word' id='word_1_67' title='bbox 694 1482 807 1546; x_wconf 88' lang='lat' dir='ltr'>horam</span> <span class='ocrx_word' id='word_1_68' title='bbox 831 1467 1035 1546; x_wconf 69' lang='lat' dir='ltr'>undecimam</span> <span class='ocrx_word' id='word_1_69' title='bbox 1052 1500 1160 1563; x_wconf 89' lang='lat' dir='ltr'>aeque</span> <span class='ocrx_word' id='word_1_70' title='bbox 1179 1478 1328 1546; x_wconf 86' lang='lat' dir='ltr'>celeriter</span> <span class='ocrx_word' id='word_1_71' title='bbox 1447 1521 1450 1529; x_wconf 86' lang='lat'>-</span> 
     </span>
    </p>
   </div>
   <div class='ocr_carea' id='block_1_5' title="bbox 181 1591 1328 3581">
    <p class='ocr_par' dir='ltr' id='par_1_5' title="bbox 181 1591 1328 2798">
     <span class='ocr_line' id='line_1_11' title="bbox 182 1591 1327 1677; baseline -0.001 -21"><span class='ocrx_word' id='word_1_72' title='bbox 182 1612 301 1658; x_wconf 80' lang='lat' dir='ltr'>munus</span> <span class='ocrx_word' id='word_1_73' title='bbox 329 1599 494 1677; x_wconf 78' lang='lat' dir='ltr'>peragunt</span> <span class='ocrx_word' id='word_1_74' title='bbox 521 1599 555 1656; x_wconf 88' lang='lat' dir='ltr'>et</span> <span class='ocrx_word' id='word_1_75' title='bbox 582 1595 616 1656; x_wconf 91' lang='lat' dir='ltr'>in</span> <span class='ocrx_word' id='word_1_76' title='bbox 642 1591 797 1656; x_wconf 88' lang='lat' dir='ltr'>metendo</span> <span class='ocrx_word' id='word_1_77' title='bbox 830 1601 864 1656; x_wconf 86' lang='lat' dir='ltr'>et</span> <span class='ocrx_word' id='word_1_78' title='bbox 893 1611 1007 1658; x_wconf 89' lang='lat' dir='ltr'>rursus</span> <span class='ocrx_word' id='word_1_79' title='bbox 1029 1593 1062 1654; x_wconf 91' lang='lat' dir='ltr'>in</span> <span class='ocrx_word' id='word_1_80' title='bbox 1085 1591 1327 1675; x_wconf 88' lang='lat' dir='ltr'>vindemiando,</span> 
     </span>
     <span class='ocr_line' id='line_1_12' title="bbox 183 1702 1327 1789; baseline 0.001 -22"><span class='ocrx_word' id='word_1_81' title='bbox 183 1703 328 1767; x_wconf 85' lang='lat' dir='ltr'>demisso</span> <span class='ocrx_word' id='word_1_82' title='bbox 361 1703 457 1768; x_wconf 87' lang='lat' dir='ltr'>oculo</span> <span class='ocrx_word' id='word_1_83' title='bbox 492 1713 540 1768; x_wconf 78' lang='lat' dir='ltr'>et-</span> <span class='ocrx_word' id='word_1_84' title='bbox 558 1703 672 1767; x_wconf 91' lang='lat' dir='ltr'>humili</span> <span class='ocrx_word' id='word_1_85' title='bbox 704 1702 876 1789; x_wconf 82' lang='lat' dir='ltr'>diligentia</span> <span class='ocrx_word' id='word_1_86' title='bbox 909 1713 943 1768; x_wconf 88' lang='lat' dir='ltr'>et</span> <span class='ocrx_word' id='word_1_87' title='bbox 974 1705 1137 1788; x_wconf 89' lang='lat' dir='ltr'>imperitia</span> <span class='ocrx_word' id='word_1_88' title='bbox 1169 1712 1327 1787; x_wconf 81' lang='lat' dir='ltr'>tanquam</span> 
     </span>
     <span class='ocr_line' id='line_1_13' title="bbox 183 1815 1327 1901; baseline 0.003 -22"><span class='ocrx_word' id='word_1_89' title='bbox 183 1816 292 1900; x_wconf 89' lang='lat' dir='ltr'>spicas</span> <span class='ocrx_word' id='word_1_90' title='bbox 322 1815 438 1901; x_wconf 83' lang='lat' dir='ltr'>legens</span> <span class='ocrx_word' id='word_1_91' title='bbox 465 1824 500 1880; x_wconf 87' lang='lat' dir='ltr'>et</span> <span class='ocrx_word' id='word_1_92' title='bbox 528 1815 654 1880; x_wconf 89' lang='lat' dir='ltr'>culmos</span> <span class='ocrx_word' id='word_1_93' title='bbox 683 1816 860 1901; x_wconf 83' lang='lat' dir='ltr'>colligens,</span> <span class='ocrx_word' id='word_1_94' title='bbox 894 1818 997 1881; x_wconf 87' lang='lat' dir='ltr'>instar</span> <span class='ocrx_word' id='word_1_95' title='bbox 1024 1816 1182 1881; x_wconf 82' lang='lat' dir='ltr'>formicae</span> <span class='ocrx_word' id='word_1_96' title='bbox 1211 1816 1327 1882; x_wconf 80' lang='lat' dir='ltr'>relicta</span> 
     </span>
     <span class='ocr_line' id='line_1_14' title="bbox 182 1926 1328 2014; baseline 0.001 -23"><span class='ocrx_word' id='word_1_97' title='bbox 182 1948 284 2012; x_wconf 84' lang='lat' dir='ltr'>grana</span> <span class='ocrx_word' id='word_1_98' title='bbox 317 1928 446 2014; x_wconf 69' lang='lat' dir='ltr'>releget</span> <span class='ocrx_word' id='word_1_99' title='bbox 482 1936 516 1992; x_wconf 90' lang='lat' dir='ltr'>et</span> <span class='ocrx_word' id='word_1_100' title='bbox 547 1936 703 2011; x_wconf 79' lang='lat' dir='ltr'>tanquam</span> <span class='ocrx_word' id='word_1_101' title='bbox 737 1930 828 1992; x_wconf 89' lang='lat' dir='ltr'>canis</span> <span class='ocrx_word' id='word_1_102' title='bbox 863 1930 964 1992; x_wconf 84' lang='lat' dir='ltr'>micas</span> <span class='ocrx_word' id='word_1_103' title='bbox 996 1927 1153 2014; x_wconf 84' lang='lat' dir='ltr'>colligens</span> <span class='ocrx_word' id='word_1_104' title='bbox 1184 1926 1265 1992; x_wconf 88' lang='lat' dir='ltr'>lauti</span> <span class='ocrx_word' id='word_1_105' title='bbox 1293 1936 1328 1994; x_wconf 87' lang='lat' dir='ltr'>et</span> 
     </span>
     <span class='ocr_line' id='line_1_15' title="bbox 184 2039 1328 2125; baseline 0.004 -24"><span class='ocrx_word' id='word_1_106' title='bbox 184 2041 311 2124; x_wconf 84' lang='lat' dir='ltr'>opipari</span> <span class='ocrx_word' id='word_1_107' title='bbox 331 2040 469 2104; x_wconf 78' lang='lat' dir='ltr'>Petrum</span> <span class='ocrx_word' id='word_1_108' title='bbox 491 2040 579 2125; x_wconf 90' lang='lat' dir='ltr'>epuli</span> <span class='ocrx_word' id='word_1_109' title='bbox 600 2061 641 2105; x_wconf 88' lang='lat' dir='ltr'>ac</span> <span class='ocrx_word' id='word_1_110' title='bbox 662 2042 805 2105; x_wconf 88' lang='lat' dir='ltr'>convivii</span> <span class='ocrx_word' id='word_1_111' title='bbox 829 2041 965 2120; x_wconf 89' lang='lat' dir='ltr'>aufero,</span> <span class='ocrx_word' id='word_1_112' title='bbox 987 2056 1073 2124; x_wconf 88' lang='lat' dir='ltr'>quae</span> <span class='ocrx_word' id='word_1_113' title='bbox 1097 2039 1270 2106; x_wconf 85' lang='lat' dir='ltr'>excidunt:</span> <span class='ocrx_word' id='word_1_114' title='bbox 1293 2047 1328 2106; x_wconf 86' lang='lat' dir='ltr'>ct</span> 
     </span>
     <span class='ocr_line' id='line_1_16' title="bbox 181 2150 1326 2238; baseline 0.001 -24"><span class='ocrx_word' id='word_1_115' title='bbox 181 2159 338 2233; x_wconf 79' lang='lat' dir='ltr'>tanquam</span> <span class='ocrx_word' id='word_1_116' title='bbox 359 2154 450 2236; x_wconf 86' lang='lat' dir='ltr'>apis,</span> <span class='ocrx_word' id='word_1_117' title='bbox 480 2173 566 2236; x_wconf 84' lang='lat' dir='ltr'>quae</span> <span class='ocrx_word' id='word_1_118' title='bbox 586 2151 653 2216; x_wconf 89' lang='lat' dir='ltr'>mel</span> <span class='ocrx_word' id='word_1_119' title='bbox 674 2152 821 2234; x_wconf 87' lang='lat' dir='ltr'>conficit,</span> <span class='ocrx_word' id='word_1_120' title='bbox 854 2173 899 2216; x_wconf 89' lang='lat' dir='ltr'>ex</span> <span class='ocrx_word' id='word_1_121' title='bbox 921 2151 1049 2216; x_wconf 89' lang='lat' dir='ltr'>illorum</span> <span class='ocrx_word' id='word_1_122' title='bbox 1072 2155 1175 2238; x_wconf 89' lang='lat' dir='ltr'>pratis</span> <span class='ocrx_word' id='word_1_123' title='bbox 1197 2155 1225 2218; x_wconf 92' lang='lat' dir='ltr'>si</span> <span class='ocrx_word' id='word_1_124' title='bbox 1247 2150 1326 2236; x_wconf 89' lang='lat' dir='ltr'>quid</span> 
     </span>
     <span class='ocr_line' id='line_1_17' title="bbox 183 2261 1326 2350; baseline -0.002 -22"><span class='ocrx_word' id='word_1_125' title='bbox 183 2273 235 2328; x_wconf 89' lang='lat' dir='ltr'>est</span> <span class='ocrx_word' id='word_1_126' title='bbox 257 2261 460 2328; x_wconf 88' lang='lat' dir='ltr'>odoriferum</span> <span class='ocrx_word' id='word_1_127' title='bbox 481 2263 629 2348; x_wconf 85' lang='lat' dir='ltr'>subripio</span> <span class='ocrx_word' id='word_1_128' title='bbox 652 2272 687 2328; x_wconf 89' lang='lat' dir='ltr'>et</span> <span class='ocrx_word' id='word_1_129' title='bbox 707 2265 740 2327; x_wconf 89' lang='lat' dir='ltr'>in</span> <span class='ocrx_word' id='word_1_130' title='bbox 761 2263 826 2328; x_wconf 89' lang='lat' dir='ltr'>boc</span> <span class='ocrx_word' id='word_1_131' title='bbox 841 2285 922 2330; x_wconf 84' lang='lat' dir='ltr'>vase</span> <span class='ocrx_word' id='word_1_132' title='bbox 943 2285 1122 2350; x_wconf 88' lang='lat' dir='ltr'>reponens,</span> <span class='ocrx_word' id='word_1_133' title='bbox 1144 2265 1184 2330; x_wconf 91' lang='lat' dir='ltr'>iis</span> <span class='ocrx_word' id='word_1_134' title='bbox 1207 2263 1326 2348; x_wconf 88' lang='lat' dir='ltr'>quibus</span> 
     </span>
     <span class='ocr_line' id='line_1_18' title="bbox 182 2374 1325 2463; baseline 0.002 -25"><span class='ocrx_word' id='word_1_135' title='bbox 182 2375 235 2441; x_wconf 85' lang='lat' dir='ltr'>fas</span> <span class='ocrx_word' id='word_1_136' title='bbox 257 2382 309 2440; x_wconf 90' lang='lat' dir='ltr'>est</span> <span class='ocrx_word' id='word_1_137' title='bbox 330 2374 417 2440; x_wconf 88' lang='lat' dir='ltr'>bona</span> <span class='ocrx_word' id='word_1_138' title='bbox 438 2383 596 2460; x_wconf 87' lang='lat' dir='ltr'>appetere</span> <span class='ocrx_word' id='word_1_139' title='bbox 619 2383 654 2440; x_wconf 91' lang='lat' dir='ltr'>et</span> <span class='ocrx_word' id='word_1_140' title='bbox 683 2396 795 2440; x_wconf 91' lang='lat' dir='ltr'>eorum</span> <span class='ocrx_word' id='word_1_141' title='bbox 818 2396 893 2441; x_wconf 88' lang='lat' dir='ltr'>esse</span> <span class='ocrx_word' id='word_1_142' title='bbox 915 2379 1111 2463; x_wconf 71' lang='lat' dir='ltr'>participes,</span> <span class='ocrx_word' id='word_1_143' title='bbox 1132 2383 1325 2462; x_wconf 83' lang='lat' dir='ltr'>propterte</span> 
     </span>
     <span class='ocr_line' id='line_1_19' title="bbox 182 2486 1326 2575; baseline 0.001 -24"><span class='ocrx_word' id='word_1_144' title='bbox 182 2486 322 2552; x_wconf 86' lang='lat' dir='ltr'>fruenda</span> <span class='ocrx_word' id='word_1_145' title='bbox 356 2487 481 2552; x_wconf 78' lang='lat' dir='ltr'>offero:</span> <span class='ocrx_word' id='word_1_146' title='bbox 514 2509 589 2552; x_wconf 88' lang='lat' dir='ltr'>nam</span> <span class='ocrx_word' id='word_1_147' title='bbox 622 2489 651 2552; x_wconf 87' lang='lat' dir='ltr'>si</span> <span class='ocrx_word' id='word_1_148' title='bbox 683 2490 814 2575; x_wconf 87' lang='lat' dir='ltr'>poetice</span> <span class='ocrx_word' id='word_1_149' title='bbox 847 2490 1035 2575; x_wconf 79' lang='lat' dir='ltr'>postulante</span> <span class='ocrx_word' id='word_1_150' title='bbox 1067 2498 1216 2574; x_wconf 89' lang='lat' dir='ltr'>tempore</span> <span class='ocrx_word' id='word_1_151' title='bbox 1247 2487 1326 2552; x_wconf 88' lang='lat' dir='ltr'>licet</span> 
     </span>
     <span class='ocr_line' id='line_1_20' title="bbox 182 2597 310 2664; baseline 0 -2"><span class='ocrx_word' id='word_1_152' title='bbox 182 2597 310 2664; x_wconf 82' lang='lat' dir='ltr'>dicere:</span> 
     </span>
     <span class='ocr_line' id='line_1_21' title="bbox 271 2709 731 2798; baseline -0.004 -20"><span class='ocrx_word' id='word_1_153' title='bbox 271 2709 378 2778; x_wconf 83' lang='lat' dir='ltr'>Canto</span> <span class='ocrx_word' id='word_1_154' title='bbox 398 2714 440 2778; x_wconf 90' lang='lat' dir='ltr'>iis</span> <span class='ocrx_word' id='word_1_155' title='bbox 461 2715 519 2796; x_wconf 90' lang='lat' dir='ltr'>qui</span> <span class='ocrx_word' id='word_1_156' title='bbox 540 2715 731 2798; x_wconf 86' lang='lat' dir='ltr'>sapiunt...</span> 
     </span>
    </p>

    <p class='ocr_par' dir='ltr' id='par_1_6' title="bbox 182 2822 1121 2910">
     <span class='ocr_line' id='line_1_22' title="bbox 182 2822 1121 2910; baseline 0.001 -23"><span class='ocrx_word' id='word_1_157' title='bbox 182 2822 246 2888; x_wconf 66' lang='lat' dir='ltr'>aaz</span> <span class='ocrx_word' id='word_1_158' title='bbox 268 2822 378 2890; x_wconf 86' lang='lat' dir='ltr'>Aures</span> <span class='ocrx_word' id='word_1_159' title='bbox 399 2825 562 2890; x_wconf 82' lang='lat' dir='ltr'>obstruite</span> <span class='ocrx_word' id='word_1_160' title='bbox 584 2834 620 2890; x_wconf 91' lang='lat' dir='ltr'>et</span> <span class='ocrx_word' id='word_1_161' title='bbox 640 2845 702 2891; x_wconf 86' lang='lat' dir='ltr'>vos</span> <span class='ocrx_word' id='word_1_162' title='bbox 723 2832 855 2890; x_wconf 85' lang='lat' dir='ltr'>vestras</span> <span class='ocrx_word' id='word_1_163' title='bbox 877 2825 958 2906; x_wconf 85' lang='lat' dir='ltr'>rite,</span> <span class='ocrx_word' id='word_1_164' title='bbox 980 2825 1121 2910; x_wconf 87' lang='lat' dir='ltr'>profani.</span> 
     </span>
    </p>

    <p class='ocr_par' dir='ltr' id='par_1_7' title="bbox 182 2935 1326 3581">
     <span class='ocr_line' id='line_1_23' title="bbox 241 2935 1326 3019; baseline 0.002 -23"><span class='ocrx_word' id='word_1_165' title='bbox 241 2993 245 2996; x_wconf 80' lang='grc'><em>.</em></span> <span class='ocrx_word' id='word_1_166' title='bbox 269 2935 309 2998; x_wconf 90' lang='lat' dir='ltr'>In</span> <span class='ocrx_word' id='word_1_167' title='bbox 329 2938 413 3001; x_wconf 89' lang='lat' dir='ltr'>meis</span> <span class='ocrx_word' id='word_1_168' title='bbox 434 2939 521 3002; x_wconf 87' lang='lat' dir='ltr'>cuim</span> <span class='ocrx_word' id='word_1_169' title='bbox 541 2937 675 3002; x_wconf 85' lang='lat' dir='ltr'>auribus</span> <span class='ocrx_word' id='word_1_170' title='bbox 696 2937 795 3002; x_wconf 86' lang='lat' dir='ltr'>valde</span> <span class='ocrx_word' id='word_1_171' title='bbox 817 2944 961 3014; x_wconf 87' lang='lat' dir='ltr'>resonat,</span> <span class='ocrx_word' id='word_1_172' title='bbox 983 2938 1040 3019; x_wconf 89' lang='lat' dir='ltr'>qui</span> <span class='ocrx_word' id='word_1_173' title='bbox 1058 2957 1079 3001; x_wconf 92' lang='lat' dir='ltr'>a</span> <span class='ocrx_word' id='word_1_174' title='bbox 1095 2943 1193 3002; x_wconf 87' lang='lat' dir='ltr'>coetu</span> <span class='ocrx_word' id='word_1_175' title='bbox 1211 2955 1326 2999; x_wconf 82' lang='lat' dir='ltr'>aman·</span> 
     </span>
     <span class='ocr_line' id='line_1_24' title="bbox 184 3046 1326 3132; baseline -0.002 -20"><span class='ocrx_word' id='word_1_176' title='bbox 184 3046 242 3112; x_wconf 86' lang='lat' dir='ltr'>dat</span> <span class='ocrx_word' id='word_1_177' title='bbox 279 3047 485 3114; x_wconf 79' lang='lat' dir='ltr'>furfuraceus</span> <span class='ocrx_word' id='word_1_178' title='bbox 525 3053 692 3114; x_wconf 90' lang='lat' dir='ltr'>orationes</span> <span class='ocrx_word' id='word_1_179' title='bbox 733 3056 769 3114; x_wconf 86' lang='lat' dir='ltr'>et</span> <span class='ocrx_word' id='word_1_180' title='bbox 805 3056 981 3114; x_wconf 82' lang='lat' dir='ltr'>terrestres</span> <span class='ocrx_word' id='word_1_181' title='bbox 1016 3057 1050 3114; x_wconf 91' lang='lat' dir='ltr'>et</span> <span class='ocrx_word' id='word_1_182' title='bbox 1087 3069 1172 3132; x_wconf 86' lang='lat' dir='ltr'>quae</span> <span class='ocrx_word' id='word_1_183' title='bbox 1209 3066 1326 3111; x_wconf 89' lang='lat' dir='ltr'>sensus</span> 
     </span>
     <span class='ocr_line' id='line_1_25' title="bbox 183 3158 1325 3246; baseline -0.001 -24"><span class='ocrx_word' id='word_1_184' title='bbox 183 3158 326 3224; x_wconf 78' lang='lat' dir='ltr'>afferunt</span> <span class='ocrx_word' id='word_1_185' title='bbox 346 3160 437 3224; x_wconf 89' lang='lat' dir='ltr'>humi</span> <span class='ocrx_word' id='word_1_186' title='bbox 457 3170 638 3246; x_wconf 84' lang='lat' dir='ltr'>serpentes.</span> <span class='ocrx_word' id='word_1_187' title='bbox 677 3161 763 3224; x_wconf 90' lang='lat' dir='ltr'>Nam</span> <span class='ocrx_word' id='word_1_188' title='bbox 786 3169 821 3224; x_wconf 88' lang='lat' dir='ltr'>et</span> <span class='ocrx_word' id='word_1_189' title='bbox 843 3163 900 3245; x_wconf 93' lang='lat' dir='ltr'>qui</span> <span class='ocrx_word' id='word_1_190' title='bbox 922 3159 1111 3226; x_wconf 87' lang='lat' dir='ltr'>veneranda</span> <span class='ocrx_word' id='word_1_191' title='bbox 1133 3161 1325 3240; x_wconf 83' lang='lat' dir='ltr'>animaeque</span> 
     </span>
     <span class='ocr_line' id='line_1_26' title="bbox 185 3269 1325 3358; baseline -0.001 -24"><span class='ocrx_word' id='word_1_192' title='bbox 185 3269 301 3335; x_wconf 87' lang='lat' dir='ltr'>sordes</span> <span class='ocrx_word' id='word_1_193' title='bbox 322 3271 549 3358; x_wconf 83' lang='lat' dir='ltr'>abstergentia</span> <span class='ocrx_word' id='word_1_194' title='bbox 575 3281 739 3358; x_wconf 83' lang='lat' dir='ltr'>peragunt</span> <span class='ocrx_word' id='word_1_195' title='bbox 764 3275 940 3358; x_wconf 82' lang='lat' dir='ltr'>mysteria,</span> <span class='ocrx_word' id='word_1_196' title='bbox 970 3271 1102 3357; x_wconf 85' lang='lat' dir='ltr'>quando</span> <span class='ocrx_word' id='word_1_197' title='bbox 1132 3293 1175 3338; x_wconf 87' lang='lat' dir='ltr'>ex</span> <span class='ocrx_word' id='word_1_198' title='bbox 1198 3270 1325 3336; x_wconf 86' lang='lat' dir='ltr'>arcanis</span> 
     </span>
     <span class='ocr_line' id='line_1_27' title="bbox 185 3366 1326 3470; baseline -0.002 -24"><span class='ocrx_word' id='word_1_199' title='bbox 185 3383 289 3447; x_wconf 78' lang='lat' dir='ltr'>veluti</span> <span class='ocrx_word' id='word_1_200' title='bbox 309 3382 462 3450; x_wconf 83' lang='lat' dir='ltr'>thalamis</span> <span class='ocrx_word' id='word_1_201' title='bbox 488 3387 522 3448; x_wconf 92' lang='lat' dir='ltr'>in</span> <span class='ocrx_word' id='word_1_202' title='bbox 543 3366 719 3469; x_wconf 67' lang='lat' dir='ltr'>&#39;publicum</span> <span class='ocrx_word' id='word_1_203' title='bbox 748 3388 891 3450; x_wconf 87' lang='lat' dir='ltr'>omnium</span> <span class='ocrx_word' id='word_1_204' title='bbox 919 3393 1131 3470; x_wconf 88' lang='lat' dir='ltr'>conspectum</span> <span class='ocrx_word' id='word_1_205' title='bbox 1160 3390 1251 3462; x_wconf 90' lang='lat' dir='ltr'>sunt,</span> <span class='ocrx_word' id='word_1_206' title='bbox 1286 3401 1326 3444; x_wconf 88' lang='lat' dir='ltr'>ea</span> 
     </span>
     <span class='ocr_line' id='line_1_28' title="bbox 182 3493 1325 3581; baseline -0.002 -21"><span class='ocrx_word' id='word_1_207' title='bbox 182 3494 291 3580; x_wconf 87' lang='lat' dir='ltr'>palam</span> <span class='ocrx_word' id='word_1_208' title='bbox 310 3505 345 3562; x_wconf 90' lang='lat' dir='ltr'>et</span> <span class='ocrx_word' id='word_1_209' title='bbox 360 3498 446 3561; x_wconf 84' lang='lat' dir='ltr'>inter</span> <span class='ocrx_word' id='word_1_210' title='bbox 462 3517 500 3562; x_wconf 89' lang='lat' dir='ltr'>se</span> <span class='ocrx_word' id='word_1_211' title='bbox 519 3497 735 3579; x_wconf 81' lang='lat' dir='ltr'>cohaerenter</span> <span class='ocrx_word' id='word_1_212' title='bbox 753 3499 948 3581; x_wconf 86' lang='lat' dir='ltr'>exposituri,</span> <span class='ocrx_word' id='word_1_213' title='bbox 972 3504 1192 3580; x_wconf 88' lang='lat' dir='ltr'>congruenter</span> <span class='ocrx_word' id='word_1_214' title='bbox 1206 3493 1325 3559; x_wconf 88' lang='lat' dir='ltr'>divinis</span> 
     </span>
    </p>
   </div>
   <div class='ocr_carea' id='block_1_6' title="bbox 183 3607 1454 3694">
    <p class='ocr_par' dir='ltr' id='par_1_8' title="bbox 183 3607 1454 3694">
     <span class='ocr_line' id='line_1_29' title="bbox 183 3607 1454 3694; baseline -0.002 -22"><span class='ocrx_word' id='word_1_215' title='bbox 183 3607 484 3674; x_wconf 86' lang='lat' dir='ltr'>consecrationibus</span> <span class='ocrx_word' id='word_1_216' title='bbox 511 3629 704 3672; x_wconf 87' lang='lat' dir='ltr'>arcanorum</span> <span class='ocrx_word' id='word_1_217' title='bbox 734 3608 802 3672; x_wconf 68' lang='lat' dir='ltr'>Dei·</span> <span class='ocrx_word' id='word_1_218' title='bbox 834 3617 1130 3688; x_wconf 85' lang='lat' dir='ltr'>sacramentorum,</span> <span class='ocrx_word' id='word_1_219' title='bbox 1170 3608 1324 3672; x_wconf 87' lang='lat' dir='ltr'>universo</span> <span class='ocrx_word' id='word_1_220' title='bbox 1446 3685 1454 3694; x_wconf 22' lang='grc' dir='ltr'>ἱ</span> 
     </span>
    </p>
   </div>
   <div class='ocr_carea' id='block_1_7' title="bbox 183 3719 1324 3917">
    <p class='ocr_par' dir='ltr' id='par_1_9' title="bbox 183 3719 1324 3917">
     <span class='ocr_line' id='line_1_30' title="bbox 183 3719 1324 3805; baseline 0 -23"><span class='ocrx_word' id='word_1_221' title='bbox 183 3719 280 3782; x_wconf 90' lang='lat' dir='ltr'>simul</span> <span class='ocrx_word' id='word_1_222' title='bbox 297 3721 395 3784; x_wconf 89' lang='lat' dir='ltr'>misto</span> <span class='ocrx_word' id='word_1_223' title='bbox 414 3720 537 3805; x_wconf 90' lang='lat' dir='ltr'>populo</span> <span class='ocrx_word' id='word_1_224' title='bbox 556 3741 720 3804; x_wconf 88' lang='lat' dir='ltr'>nunquam</span> <span class='ocrx_word' id='word_1_225' title='bbox 739 3741 811 3786; x_wconf 89' lang='lat' dir='ltr'>eam</span> <span class='ocrx_word' id='word_1_226' title='bbox 823 3721 948 3786; x_wconf 89' lang='lat' dir='ltr'>faciunt</span> <span class='ocrx_word' id='word_1_227' title='bbox 960 3722 1190 3801; x_wconf 89' lang='lat' dir='ltr'>ostensionem,</span> <span class='ocrx_word' id='word_1_228' title='bbox 1212 3720 1324 3804; x_wconf 88' lang='lat' dir='ltr'>prius-</span> 
     </span>
     <span class='ocr_line' id='line_1_31' title="bbox 183 3820 1323 3917; baseline 0.001 -24"><span class='ocrx_word' id='word_1_229' title='bbox 183 3853 282 3916; x_wconf 88' lang='lat' dir='ltr'>quam</span> <span class='ocrx_word' id='word_1_230' title='bbox 312 3835 369 3915; x_wconf 93' lang='lat' dir='ltr'>qui</span> <span class='ocrx_word' id='word_1_231' title='bbox 397 3820 549 3917; x_wconf 65' lang='lat' dir='ltr'>liturgiae</span> <span class='ocrx_word' id='word_1_232' title='bbox 578 3839 713 3917; x_wconf 86' lang='lat' dir='ltr'>praeest</span> <span class='ocrx_word' id='word_1_233' title='bbox 744 3840 822 3916; x_wconf 87' lang='lat' dir='ltr'>post</span> <span class='ocrx_word' id='word_1_234' title='bbox 849 3834 1051 3917; x_wconf 86' lang='lat' dir='ltr'>superiorem</span> <span class='ocrx_word' id='word_1_235' title='bbox 1085 3840 1124 3897; x_wconf 88' lang='lat' dir='ltr'>et·</span> <span class='ocrx_word' id='word_1_236' title='bbox 1152 3851 1239 3916; x_wconf 89' lang='lat' dir='ltr'>quae</span> <span class='ocrx_word' id='word_1_237' title='bbox 1272 3836 1323 3894; x_wconf 89' lang='lat' dir='ltr'>est</span> 
     </span>
    </p>
   </div>
   <div class='ocr_carea' id='block_1_8' title="bbox 183 3943 1365 4030">
    <p class='ocr_par' dir='ltr' id='par_1_10' title="bbox 183 3943 1365 4030">
     <span class='ocr_line' id='line_1_32' title="bbox 183 3943 1365 4030; baseline -0.003 -22"><span class='ocrx_word' id='word_1_238' title='bbox 183 3945 265 4008; x_wconf 88' lang='lat' dir='ltr'>citra</span> <span class='ocrx_word' id='word_1_239' title='bbox 286 3943 387 4008; x_wconf 90' lang='lat' dir='ltr'>ullum</span> <span class='ocrx_word' id='word_1_240' title='bbox 409 3943 567 4023; x_wconf 84' lang='lat' dir='ltr'>medium,</span> <span class='ocrx_word' id='word_1_241' title='bbox 590 3944 654 4008; x_wconf 90' lang='lat' dir='ltr'>Dei</span> <span class='ocrx_word' id='word_1_242' title='bbox 677 3944 768 4008; x_wconf 89' lang='lat' dir='ltr'>chori</span> <span class='ocrx_word' id='word_1_243' title='bbox 790 3943 1038 4025; x_wconf 88' lang='lat' dir='ltr'>ordinationem,</span> <span class='ocrx_word' id='word_1_244' title='bbox 1061 3952 1216 4030; x_wconf 85' lang='lat' dir='ltr'>tanquam</span> <span class='ocrx_word' id='word_1_245' title='bbox 1241 3961 1323 4006; x_wconf 88' lang='lat' dir='ltr'>voce</span> <span class='ocrx_word' id='word_1_246' title='bbox 1346 3959 1365 3972; x_wconf 73' lang='grc'><strong>“</strong></span> 
     </span>
    </p>
   </div>
   <div class='ocr_carea' id='block_1_9' title="bbox 179 4055 1324 4252">
    <p class='ocr_par' dir='ltr' id='par_1_11' title="bbox 179 4055 1324 4252">
     <span class='ocr_line' id='line_1_33' title="bbox 183 4055 1323 4141; baseline 0.001 -22"><span class='ocrx_word' id='word_1_247' title='bbox 183 4063 357 4140; x_wconf 83' lang='lat' dir='ltr'>praestans</span> <span class='ocrx_word' id='word_1_248' title='bbox 380 4055 513 4140; x_wconf 89' lang='lat' dir='ltr'>quidam</span> <span class='ocrx_word' id='word_1_249' title='bbox 533 4077 672 4141; x_wconf 90' lang='lat' dir='ltr'>praeeo,</span> <span class='ocrx_word' id='word_1_250' title='bbox 699 4065 790 4122; x_wconf 85' lang='lat' dir='ltr'>stans</span> <span class='ocrx_word' id='word_1_251' title='bbox 815 4059 1171 4121; x_wconf 79' lang='lat' dir='ltr'>extrasacratissimas</span> <span class='ocrx_word' id='word_1_252' title='bbox 1197 4063 1323 4141; x_wconf 88' lang='lat' dir='ltr'>portas,</span> 
     </span>
     <span class='ocr_line' id='line_1_34' title="bbox 179 4165 1324 4252; baseline 0.003 -23"><span class='ocrx_word' id='word_1_253' title='bbox 179 4167 327 4251; x_wconf 82' lang='lat' dir='ltr'>jussione</span> <span class='ocrx_word' id='word_1_254' title='bbox 362 4171 506 4232; x_wconf 85' lang='lat' dir='ltr'>maxima</span> <span class='ocrx_word' id='word_1_255' title='bbox 539 4165 719 4236; x_wconf 82' lang='lat' dir='ltr'>secreverit</span> <span class='ocrx_word' id='word_1_256' title='bbox 752 4168 794 4234; x_wconf 92' lang='lat' dir='ltr'>ab</span> <span class='ocrx_word' id='word_1_257' title='bbox 828 4166 939 4252; x_wconf 87' lang='lat' dir='ltr'>adytis</span> <span class='ocrx_word' id='word_1_258' title='bbox 966 4167 1009 4233; x_wconf 88' lang='lat' dir='ltr'>ad</span> <span class='ocrx_word' id='word_1_259' title='bbox 1037 4189 1121 4252; x_wconf 89' lang='lat' dir='ltr'>quae</span> <span class='ocrx_word' id='word_1_260' title='bbox 1153 4189 1218 4232; x_wconf 89' lang='lat' dir='ltr'>non</span> <span class='ocrx_word' id='word_1_261' title='bbox 1245 4167 1324 4234; x_wconf 89' lang='lat' dir='ltr'>licet</span> 
     </span>
    </p>
   </div>
   <div class='ocr_carea' id='block_1_10' title="bbox 605 4387 1321 4396">
    <p class='ocr_par' dir='ltr' id='par_1_12' title="bbox 605 4387 1321 4396">
     <span class='ocr_line' id='line_1_35' title="bbox 605 4387 1321 4396; baseline 0.003 -4"><span class='ocrx_word' id='word_1_262' title='bbox 605 4387 1321 4396; x_wconf 58' lang='lat' dir='ltr'>—-——.·-—*-—-q-————-—-——a—-——--</span> 
     </span>
    </p>
   </div>
   <div class='ocr_carea' id='block_1_11' title="bbox 254 4521 482 4589">
    <p class='ocr_par' dir='ltr' id='par_1_13' title="bbox 254 4521 482 4589">
     <span class='ocr_line' id='line_1_36' title="bbox 254 4521 482 4589; baseline -0.009 -15"><span class='ocrx_word' id='word_1_263' title='bbox 254 4521 275 4588; x_wconf 88' lang='lat'>¹)</span> <span class='ocrx_word' id='word_1_264' title='bbox 294 4523 356 4574; x_wconf 80' lang='lat' dir='ltr'>aon.</span> <span class='ocrx_word' id='word_1_265' title='bbox 375 4524 422 4589; x_wconf 86' lang='lat' dir='ltr'>re,</span> <span class='ocrx_word' id='word_1_266' title='bbox 440 4525 482 4574; x_wconf 73' lang='lat' dir='ltr'>aa.</span> 
     </span>
    </p>
   </div>
   <div class='ocr_carea' id='block_1_12' title="bbox 0 0 1618 5217">
    <p class='ocr_par' dir='ltr' id='par_1_14' title="bbox 0 0 1618 5217">
     <span class='ocr_line' id='line_1_37' title="bbox 0 0 1618 5217; baseline 0 0"><span class='ocrx_word' id='word_1_267' title='bbox 0 0 1618 5217; x_wconf 95' lang='lat' dir='ltr'> </span> 
     </span>
    </p>
   </div>
  </div>
 </body>
</html>
