3225 5217
227 469 234 476 ’
293 517 354 580 11:

289 687 416 769 „filias
438 687 655 768 hominnm““,
677 707 795 772 nempe
819 709 930 752 eorum
953 690 1011 772 qui
1025 685 1268 768 descenderunt
1283 684 1430 766 occino,

288 797 378 882 quod
402 803 467 864 sint
487 799 643 884 puchree‚
667 807 701 864 et
724 809 924 885 acceperunt
946 821 1003 866 eas
1025 800 1182 866 uxores‘.
1211 798 1310 878 Quod
1320 807 1429 863 entem

287 911 341 976 hic
363 912 450 994 „filii
470 911 563 976 Dei“
587 911 740 976 dicuntur
761 911 821 976 filii
842 911 982 994 Adnmi‚
1011 916 1046 976 in
1065 911 1211 997 Hodcgo
1238 920 1350 979 autem
1371 910 1431 974 lilii

288 1023 387 1104 Seth,
409 1027 528 1090 ceteris
550 1032 724 1112 tantopere
753 1024 1042 1106 convenientibus,
1071 1023 1119 1089 nil
1146 1026 1293 1092 interest.
1344 1022 1430 1088 Nam

288 1144 323 1202 et
350 1135 409 1200 filii
431 1135 513 1202 Seth
543 1144 578 1202 et
605 1139 629 1206 ii
652 1135 784 1220 quidem
811 1138 959 1221 inprimis
988 1143 1065 1201 sunt
1086 1136 1145 1198 filii
1166 1133 1298 1201 Ademi.
1341 1134 1430 1200 Coe-

287 1256 394 1312 terum
422 1246 576 1312 attendss
598 1247 713 1330 velim,
747 1249 847 1314 etism
879 1248 1018 1316 eundem
1049 1255 1217 1314 auctorem
1249 1268 1310 1331 pro
1338 1248 1430 1310 vario

287 1368 437 1444 tempore
466 1367 500 1424 ct
530 1360 595 1424 line
617 1363 723 1442 varie*
741 1360 861 1426 dicere.
906 1359 974 1426 Sed
1007 1369 1044 1424 nt
1070 1359 1131 1425 tibi
1158 1359 1314 1441 satisfiet,
1347 1358 1431 1424 haec

287 1471 385 1558 lege,
420 1493 505 1556 quae
533 1472 613 1538 dicit
640 1473 700 1538 lib:
718 1471 782 1538 IX
805 1471 866 1540 col
889 1474 951 1536 992
974 1472 1027 1537 A:
1064 1472 1173 1551 „Quis
1194 1475 1296 1541 totius
1317 1469 1431 1536 mundi

288 1583 412 1648 diluvio
435 1585 516 1650 feeit
545 1587 728 1664 interitum,
761 1587 825 1650 nisi
857 1585 1068 1670 pulchritudo
1099 1581 1271 1651 mulierum
1292 1581 1431 1670 illarum,

288 1693 426 1762 filiarum
461 1698 644 1778 bominum,
678 1718 761 1780 quos
785 1697 850 1777 fite·
878 1695 1177 1782 susceceperunt
1208 1699 1242 1760 in
1270 1715 1393 1773 uxores
1401 1695 1430 1761 “s

288 1807 357 1890 En,
388 1829 472 1892 quos
494 1829 595 1894 supra
617 1803 702 1874 dixit
724 1809 811 1886 illios
833 1809 971 1891 Adami,
1003 1808 1058 1873 hic
1077 1829 1192 1875 rursus
1214 1807 1295 1874 dicit
1314 1807 1430 1889 „lilios

288 1919 416 1990 Seth:
444 1919 535 2006 Ergo
558 1920 641 1986 haec
670 1923 779 1988 omnia
810 1923 933 2006 optime
965 1940 1039 1985 cum
1061 1919 1206 2006 Hodego
1238 1928 1429 1997 consonant.

374 2033 480 2098 Porro
508 2035 541 2097 in
571 2032 655 2096 libro
678 2031 760 2114 VII,
793 2032 856 2098 col
880 2034 943 2097 946
972 2033 1005 2098 Ι)
1036 2032 1120 2098 haee
1147 2032 1243 2098 dicit:
1279 2031 1348 2115 „In
1375 2031 1430 2096 die

167 2201 170 2206 Δ
288 2145 429 2229 septimo
451 2145 540 2210 facta
562 2153 614 2210 est
635 2145 725 2210 selus
746 2147 805 2225 iis,
835 2147 895 2229 qni
923 2152 1017 2210 erant
1045 2145 1106 2213 sub
1137 2154 1243 2226 terra,
1272 2146 1358 2210 sicut
1378 2143 1429 2224 iis,

289 2259 346 2340 qui
370 2263 462 2322 erant
482 2275 583 2342 super
604 2265 734 2322 terram.
778 2255 818 2320 In
840 2278 880 2322 eo
901 2257 1036 2342 spoliati
1056 2265 1134 2323 sunt
1154 2257 1283 2324 inferni.
1326 2253 1366 2319 In
1390 2274 1460 2319 eo·

289 2366 448 2434 liberatos
472 2375 523 2434 est
544 2367 693 2434 Adsmus
717 2389 761 2434 ex
783 2369 999 2434 moeroribus.
1042 2368 1082 2434 In
1104 2389 1146 2435 eo
1167 2368 1352 2434 dominatus
1381 2375 1433 2432 est

289 2479 440 2546 Christus
461 2483 599 2563 mortuis
622 2483 707 2546 sicut
728 2489 762 2548 et
783 2482 878 2546 vivis
914 2480 1016 2546 'Tunc
1036 2501 1058 2544 o
1070 2501 1177 2549 ‚cruce
1198 2479 1378 2546 ambulavit
1398 2482 1432 2544 in

287 2593 438 2678 vestigiis
460 2593 583 2677 abyssi.
629 2591 778 2676 Cumque
801 2592 879 2657 illuc
902 2591 1146 2675 descendisset,
1177 2600 1270 2658 tunc.
1284 2594 1318 2658 in
1341 2600 1430 2656 metu

288 2713 424 2790 apertae
446 2713 522 2770 sunt
542 2713 660 2790 portae
688 2707 821 2786 mortis,
854 2712 932 2770 tunc
963 2713 1102 2770 mortem
1124 2713 1177 2770 est
1198 2711 1363 2772 scrutatus
1374 2701 1430 2786 (l),

153 2889 158 2898 „
286 2825 366 2881 tunc
397 2816 547 2902 alligavit
579 2817 791 2901 tyrannum“.
836 2817 965 2897 Quibus
998 2820 1181 2903 comparari
1214 2816 1309 2898 licet,
1345 2817 1431 2898 qnae

192 3002 195 3017 Ι
288 2915 388 3014 snpra
405 2927 425 3012 ¹)
449 2949 492 2994 ex
515 2927 602 2994 Hod.
623 2949 696 3015 cap.
721 2931 773 2996 13.
795 2937 897 3013 atque
918 2949 1071 2996 sermone
1092 2931 1191 3023 tertio
1213 2927 1366 3012 allegavi.

375 3041 501 3120 Quarto
523 3040 602 3106 mihi
625 3041 769 3109 notanda
791 3044 864 3108 visa
885 3049 972 3124 sont,
993 3062 1080 3126 quae
1097 3041 1259 3106 habentur
1270 3040 1345 3106 libr.
1356 3036 1431 3104 VII.

289 3151 351 3216 col.
368 3151 431 3216 953
444 3151 522 3218 OD:
545 3151 665 3235 „Quod
689 3155 718 3218 si
739 3155 791 3216 vis
813 3174 947 3220 cansam
968 3153 1162 3238 intelligere,
1184 3159 1432 3237 propterquam

288 3262 381 3327 Dens
402 3266 587 3330 nominatus
611 3273 662 3330 est
672 3263 834 3330 Dominus
856 3273 934 3349 post
955 3267 1063 3330 cornis
1085 3266 1339 3350 susceptionem,
1364 3283 1428 3348 ego

288 3373 323 3443 id
345 3374 404 3440 tibi
428 3375 630 3440 confidenter
651 3375 911 3460 interpretabor:
934 3375 1119 3450 divinarum
1130 3373 1372 3459 Scripturarum
1397 3382 1432 3438 et
1518 3363 1523 3368 ’

289 3505 456 3552 sacrorum
480 3507 591 3554 earum
613 3489 830 3573 interpretum
852 3487 978 3554 hebens
1000 3487 1202 3574 suffragium.
1246 3485 1434 3553 Celeberri-

285 3619 360 3666 mos
383 3617 464 3684 ergo
487 3606 655 3664 eteorum
678 3599 861 3667 divinarum
883 3601 1127 3685 scripturarum
1158 3607 1268 3682 mysta
1294 3606 1435 3683 aposto-

289 3709 372 3775 licus
394 3711 575 3794 Dionysius
599 3711 678 3776 dicit
699 3715 733 3776 in
755 3714 997 3797 sapientissima
1027 3734 1088 3779 sua
1109 3711 1312 3796 Theologu,
1345 3707 1435 3794 quod

290 3821 381 3886 Deus
405 3819 534 3886 Graece
558 3821 677 3888 dicitur
700 3816 782 3900 Θεὸς
805 3845 849 3889 ex
879 3845 936 3908 eo,
970 3821 1062 3908 quod
1090 3825 1199 3888 omnia
1228 3826 1368 3910 daupei,
1400 3820 1435 3884 id

291 3942 342 4000 est
363 3933 603 4020 contempletur
627 3943 660 3998 ct
682 3937 816 4020 aspicit:
840 3936 1001 4000 Dominus
1021 3944 1141 4021 sutem,
1157 3955 1276 4019 nempe
1303 3922 1437 4021 Κύριος,

223 4054 230 4063 ’
292 4063 335 4111 ex
358 4065 409 4126 eo,
432 4044 523 4132 quod
546 4034 694 4133 κυριεύει,
717 4046 831 4130 idest,
854 4046 1048 4112 dominetur.
1081 4047 1195 4132 Κῦρος
1211 4050 1296 4112 enim
1316 4044 1435 4112 dicitur

216 4242 220 4251 Ι
289 4159 439 4242 potentis
460 4178 499 4222 ec
520 4156 712 4224 dominatio:
746 4151 868 4245 ἄκυρον
890 4159 1020 4241 dicitur,
1042 4157 1131 4242 quod
1154 4168 1206 4224 est
1233 4160 1373 4223 otiosum
1401 4165 1437 4222 et

361 4513 383 4582 ¹)
402 4529 465 4581 pag.
483 4517 516 4567 et
535 4530 590 4580 seq.
