<?xml version="1.0" encoding="UTF-8"?>
<!DOCTYPE html PUBLIC "-//W3C//DTD XHTML 1.0 Transitional//EN"
    "http://www.w3.org/TR/xhtml1/DTD/xhtml1-transitional.dtd">
<html xmlns="http://www.w3.org/1999/xhtml" xml:lang="en" lang="en">
 <head>
  <title>
</title>
<meta http-equiv="Content-Type" content="text/html;charset=utf-8" />
  <meta name='ocr-system' content='tesseract 3.04.00' />
  <meta name='ocr-capabilities' content='ocr_page ocr_carea ocr_par ocr_line ocrx_word'/>
</head>
<body>
  <div class='ocr_page' id='page_1' title='image "./deanastasiosina00kumpgoog_0041.png"; bbox 0 0 3225 5217; ppageno 0'>
   <div class='ocr_carea' id='block_1_1' title="bbox 1278 506 1317 569">
    <p class='ocr_par' dir='ltr' id='par_1_1' title="bbox 1278 506 1317 569">
     <span class='ocr_line' id='line_1_1' title="bbox 1278 506 1317 569; baseline -0.026 0"><span class='ocrx_word' id='word_1_1' title='bbox 1278 506 1317 569; x_wconf 77' lang='lat'><strong>21</strong></span> 
     </span>
    </p>
   </div>
   <div class='ocr_carea' id='block_1_2' title="bbox 176 673 1380 4111">
    <p class='ocr_par' dir='ltr' id='par_1_2' title="bbox 176 673 1380 2323">
     <span class='ocr_line' id='line_1_2' title="bbox 182 673 1320 761; baseline 0.002 -22"><span class='ocrx_word' id='word_1_2' title='bbox 182 674 246 741; x_wconf 91' lang='lat' dir='ltr'><strong>duc</strong></span> <span class='ocrx_word' id='word_1_3' title='bbox 267 676 342 741; x_wconf 92' lang='lat' dir='ltr'><strong>illos</strong></span> <span class='ocrx_word' id='word_1_4' title='bbox 364 695 405 741; x_wconf 84' lang='lat' dir='ltr'><strong>ae</strong></span> <span class='ocrx_word' id='word_1_5' title='bbox 425 676 630 741; x_wconf 89' lang='lat' dir='ltr'><strong>Dominicum</strong></span> <span class='ocrx_word' id='word_1_6' title='bbox 653 677 858 761; x_wconf 87' lang='lat' dir='ltr'><strong>sepulcrum,</strong></span> <span class='ocrx_word' id='word_1_7' title='bbox 887 678 999 760; x_wconf 84' lang='lat' dir='ltr'>ibique</span> <span class='ocrx_word' id='word_1_8' title='bbox 1028 678 1102 741; x_wconf 91' lang='lat' dir='ltr'><strong>neci</strong></span> <span class='ocrx_word' id='word_1_9' title='bbox 1126 673 1254 742; x_wconf 89' lang='lat' dir='ltr'><strong>deditos</strong></span> <span class='ocrx_word' id='word_1_10' title='bbox 1276 676 1320 741; x_wconf 87' lang='lat' dir='ltr'><strong>ad</strong></span> 
     </span>
     <span class='ocr_line' id='line_1_3' title="bbox 183 786 1380 873; baseline -0.002 -20"><span class='ocrx_word' id='word_1_11' title='bbox 183 809 293 853; x_wconf 89' lang='lat' dir='ltr'><strong>orcum</strong></span> <span class='ocrx_word' id='word_1_12' title='bbox 324 788 459 871; x_wconf 77' lang='lat' dir='ltr'><strong>demitte</strong></span> <span class='ocrx_word' id='word_1_13' title='bbox 469 790 489 825; x_wconf 83' lang='lat'><strong>“</strong></span> <span class='ocrx_word' id='word_1_14' title='bbox 508 789 543 872; x_wconf 85' lang='lat'><strong>¹).</strong></span> <span class='ocrx_word' id='word_1_15' title='bbox 593 788 638 853; x_wconf 85' lang='lat' dir='ltr'><strong>Et</strong></span> <span class='ocrx_word' id='word_1_16' title='bbox 667 790 700 851; x_wconf 94' lang='lat' dir='ltr'><strong>in</strong></span> <span class='ocrx_word' id='word_1_17' title='bbox 732 808 803 873; x_wconf 90' lang='lat' dir='ltr'><strong>cap.</strong></span> <span class='ocrx_word' id='word_1_18' title='bbox 828 786 924 870; x_wconf 88' lang='lat' dir='ltr'><strong>XlI.,</strong></span> <span class='ocrx_word' id='word_1_19' title='bbox 960 794 1135 873; x_wconf 84' lang='lat' dir='ltr'><strong>postquam</strong></span> <span class='ocrx_word' id='word_1_20' title='bbox 1163 787 1319 853; x_wconf 90' lang='lat' dir='ltr'><strong>lectorem</strong></span> <span class='ocrx_word' id='word_1_21' title='bbox 1374 805 1380 809; x_wconf 82' lang='grc'><em>·</em></span> 
     </span>
     <span class='ocr_line' id='line_1_4' title="bbox 182 900 1319 985; baseline 0.003 -22"><span class='ocrx_word' id='word_1_22' title='bbox 182 904 324 981; x_wconf 89' lang='lat' dir='ltr'><strong>monuit,</strong></span> <span class='ocrx_word' id='word_1_23' title='bbox 354 903 412 985; x_wconf 87' lang='lat' dir='ltr'><strong>„si</strong></span> <span class='ocrx_word' id='word_1_24' title='bbox 434 903 508 984; x_wconf 92' lang='lat' dir='ltr'><strong>quis</strong></span> <span class='ocrx_word' id='word_1_25' title='bbox 535 900 621 964; x_wconf 91' lang='lat' dir='ltr'><strong>mala</strong></span> <span class='ocrx_word' id='word_1_26' title='bbox 642 906 751 964; x_wconf 90' lang='lat' dir='ltr'><strong>mente</strong></span> <span class='ocrx_word' id='word_1_27' title='bbox 774 920 894 963; x_wconf 87' lang='lat' dir='ltr'><strong>arcana</strong></span> <span class='ocrx_word' id='word_1_28' title='bbox 914 902 1072 983; x_wconf 88' lang='lat' dir='ltr'><strong>mysteria</strong></span> <span class='ocrx_word' id='word_1_29' title='bbox 1093 900 1231 984; x_wconf 87' lang='lat' dir='ltr'><strong>solaque</strong></span> <span class='ocrx_word' id='word_1_30' title='bbox 1252 901 1319 966; x_wconf 91' lang='lat' dir='ltr'><strong>fide</strong></span> 
     </span>
     <span class='ocr_line' id='line_1_5' title="bbox 180 1011 1319 1097; baseline 0.002 -22"><span class='ocrx_word' id='word_1_31' title='bbox 180 1011 347 1077; x_wconf 86' lang='lat' dir='ltr'><strong>intellecta</strong></span> <span class='ocrx_word' id='word_1_32' title='bbox 368 1014 401 1075; x_wconf 92' lang='lat' dir='ltr'><strong>in</strong></span> <span class='ocrx_word' id='word_1_33' title='bbox 423 1012 563 1076; x_wconf 91' lang='lat' dir='ltr'><strong>medium</strong></span> <span class='ocrx_word' id='word_1_34' title='bbox 586 1011 801 1097; x_wconf 86' lang='lat' dir='ltr'><strong>produxerit,</strong></span> <span class='ocrx_word' id='word_1_35' title='bbox 831 1032 874 1075; x_wconf 89' lang='lat' dir='ltr'><strong>ne</strong></span> <span class='ocrx_word' id='word_1_36' title='bbox 896 1011 1094 1095; x_wconf 86' lang='lat' dir='ltr'><strong>respondeat</strong></span> <span class='ocrx_word' id='word_1_37' title='bbox 1116 1014 1147 1075; x_wconf 93' lang='lat' dir='ltr'><strong>ei</strong></span> <span class='ocrx_word' id='word_1_38' title='bbox 1169 1011 1212 1075; x_wconf 92' lang='lat' dir='ltr'><strong>ad</strong></span> <span class='ocrx_word' id='word_1_39' title='bbox 1235 1013 1319 1077; x_wconf 88' lang='lat' dir='ltr'><strong>hauc</strong></span> 
     </span>
     <span class='ocr_line' id='line_1_6' title="bbox 181 1110 1318 1207; baseline 0.002 -21"><span class='ocrx_word' id='word_1_40' title='bbox 181 1121 266 1187; x_wconf 89' lang='lat' dir='ltr'><strong>illius</strong></span> <span class='ocrx_word' id='word_1_41' title='bbox 291 1126 450 1187; x_wconf 86' lang='lat' dir='ltr'><strong>curiosam</strong></span> <span class='ocrx_word' id='word_1_42' title='bbox 481 1116 724 1206; x_wconf 85' lang='lat' dir='ltr'><strong>infidelit-atem,</strong></span> <span class='ocrx_word' id='word_1_43' title='bbox 759 1144 800 1187; x_wconf 95' lang='lat' dir='ltr'><strong>ne</strong></span> <span class='ocrx_word' id='word_1_44' title='bbox 834 1132 869 1187; x_wconf 91' lang='lat' dir='ltr'><strong>et</strong></span> <span class='ocrx_word' id='word_1_45' title='bbox 897 1126 968 1207; x_wconf 86' lang='lat' dir='ltr'><strong>ipse</strong></span> <span class='ocrx_word' id='word_1_46' title='bbox 997 1125 1132 1207; x_wconf 80' lang='lat' dir='ltr'><strong>incipiat</strong></span> <span class='ocrx_word' id='word_1_47' title='bbox 1162 1110 1318 1189; x_wconf 52' lang='lat' dir='ltr'><strong>cum&#39;illo</strong></span> 
     </span>
     <span class='ocr_line' id='line_1_7' title="bbox 181 1236 1319 1319; baseline 0.001 -21"><span class='ocrx_word' id='word_1_48' title='bbox 181 1236 320 1298; x_wconf 85' lang='lat' dir='ltr'><strong>serutari</strong></span> <span class='ocrx_word' id='word_1_49' title='bbox 351 1255 407 1317; x_wconf 85' lang='lat' dir='ltr'><strong>ea,</strong></span> <span class='ocrx_word' id='word_1_50' title='bbox 439 1255 526 1317; x_wconf 90' lang='lat' dir='ltr'><strong>quae</strong></span> <span class='ocrx_word' id='word_1_51' title='bbox 554 1256 682 1299; x_wconf 88' lang='lat' dir='ltr'><strong>omnem</strong></span> <span class='ocrx_word' id='word_1_52' title='bbox 711 1236 944 1299; x_wconf 78' lang='lat' dir='ltr'><strong>scrutationem</strong></span> <span class='ocrx_word' id='word_1_53' title='bbox 971 1242 1007 1298; x_wconf 88' lang='lat' dir='ltr'><strong>et</strong></span> <span class='ocrx_word' id='word_1_54' title='bbox 1035 1237 1319 1319; x_wconf 79' lang='lat' dir='ltr'><strong>investigationem</strong></span> 
     </span>
     <span class='ocr_line' id='line_1_8' title="bbox 181 1320 1318 1431; baseline -0.001 -20"><span class='ocrx_word' id='word_1_55' title='bbox 181 1320 641 1431; x_wconf 41' lang='lat' dir='ltr'><strong>exsuperentsomniumque</strong></span> <span class='ocrx_word' id='word_1_56' title='bbox 670 1354 891 1411; x_wconf 84' lang='lat' dir='ltr'><strong>creaturarum</strong></span> <span class='ocrx_word' id='word_1_57' title='bbox 921 1348 1139 1431; x_wconf 82' lang='lat' dir='ltr'><strong>cognitionem</strong></span> <span class='ocrx_word' id='word_1_58' title='bbox 1172 1346 1318 1430; x_wconf 74' lang='lat' dir='ltr'><strong>fugiant,</strong></span> 
     </span>
     <span class='ocr_line' id='line_1_9' title="bbox 180 1457 1318 1542; baseline 0.001 -19"><span class='ocrx_word' id='word_1_59' title='bbox 180 1457 240 1523; x_wconf 86' lang='lat' dir='ltr'><strong>sed</strong></span> <span class='ocrx_word' id='word_1_60' title='bbox 262 1457 461 1542; x_wconf 78' lang='lat' dir='ltr'><strong>respondeat</strong></span> <span class='ocrx_word' id='word_1_61' title='bbox 482 1458 529 1521; x_wconf 91' lang='lat' dir='ltr'><strong>illi</strong></span> <span class='ocrx_word' id='word_1_62' title='bbox 552 1457 759 1539; x_wconf 87' lang='lat' dir='ltr'><strong>„secundum</strong></span> <span class='ocrx_word' id='word_1_63' title='bbox 783 1478 875 1522; x_wconf 89' lang='lat' dir='ltr'><strong>suam</strong></span> <span class='ocrx_word' id='word_1_64' title='bbox 898 1457 1112 1537; x_wconf 85' lang='lat' dir='ltr'><strong>stultitiam“,</strong></span> <span class='ocrx_word' id='word_1_65' title='bbox 1134 1458 1318 1541; x_wconf 87' lang='lat' dir='ltr'><strong>proferens,</strong></span> 
     </span>
     <span class='ocr_line' id='line_1_10' title="bbox 181 1568 1319 1654; baseline 0.003 -21"><span class='ocrx_word' id='word_1_66' title='bbox 181 1590 266 1654; x_wconf 88' lang='lat' dir='ltr'><strong>quae</strong></span> <span class='ocrx_word' id='word_1_67' title='bbox 296 1572 508 1634; x_wconf 88' lang='lat' dir='ltr'><strong>communiter</strong></span> <span class='ocrx_word' id='word_1_68' title='bbox 540 1571 582 1633; x_wconf 87' lang='lat' dir='ltr'><strong>ab</strong></span> <span class='ocrx_word' id='word_1_69' title='bbox 613 1570 761 1634; x_wconf 90' lang='lat' dir='ltr'><strong>omnibus</strong></span> <span class='ocrx_word' id='word_1_70' title='bbox 789 1568 984 1634; x_wconf 86' lang='lat' dir='ltr'><strong>Christianis</strong></span> <span class='ocrx_word' id='word_1_71' title='bbox 1014 1568 1250 1651; x_wconf 87' lang='lat' dir='ltr'><strong>concedantur,</strong></span> <span class='ocrx_word' id='word_1_72' title='bbox 1285 1578 1319 1636; x_wconf 85' lang='lat' dir='ltr'><strong>et</strong></span> 
     </span>
     <span class='ocr_line' id='line_1_11' title="bbox 180 1680 1318 1766; baseline 0.004 -22"><span class='ocrx_word' id='word_1_73' title='bbox 180 1681 246 1746; x_wconf 90' lang='lat' dir='ltr'><strong>lide</strong></span> <span class='ocrx_word' id='word_1_74' title='bbox 280 1681 418 1765; x_wconf 80' lang='lat' dir='ltr'><strong>simplici</strong></span> <span class='ocrx_word' id='word_1_75' title='bbox 449 1683 483 1744; x_wconf 95' lang='lat' dir='ltr'><strong>in</strong></span> <span class='ocrx_word' id='word_1_76' title='bbox 516 1680 668 1745; x_wconf 84' lang='lat' dir='ltr'><strong>Ecclesia</strong></span> <span class='ocrx_word' id='word_1_77' title='bbox 703 1689 895 1761; x_wconf 87' lang='lat' dir='ltr'><strong>teneantur,</strong></span> <span class='ocrx_word' id='word_1_78' title='bbox 934 1688 968 1743; x_wconf 90' lang='lat' dir='ltr'><strong>et</strong></span> <span class='ocrx_word' id='word_1_79' title='bbox 1004 1680 1263 1765; x_wconf 81' lang='lat' dir='ltr'><strong>praedicentur“</strong></span> <span class='ocrx_word' id='word_1_80' title='bbox 1276 1680 1318 1766; x_wconf 76' lang='lat'><strong>¹):</strong></span> 
     </span>
     <span class='ocr_line' id='line_1_12' title="bbox 180 1791 1318 1877; baseline -0.002 -19"><span class='ocrx_word' id='word_1_81' title='bbox 180 1791 342 1877; x_wconf 82' lang='lat' dir='ltr'><strong>ejusmodi</strong></span> <span class='ocrx_word' id='word_1_82' title='bbox 370 1793 618 1876; x_wconf 74' lang='lat' dir='ltr'><strong>quaestionibus</strong></span> <span class='ocrx_word' id='word_1_83' title='bbox 652 1814 696 1865; x_wconf 85' lang='lat' dir='ltr'><strong>ex</strong></span> <span class='ocrx_word' id='word_1_84' title='bbox 718 1791 759 1856; x_wconf 91' lang='lat' dir='ltr'><strong>V.</strong></span> <span class='ocrx_word' id='word_1_85' title='bbox 783 1800 817 1856; x_wconf 93' lang='lat' dir='ltr'><strong>et</strong></span> <span class='ocrx_word' id='word_1_86' title='bbox 844 1792 885 1855; x_wconf 91' lang='lat' dir='ltr'><strong>N.</strong></span> <span class='ocrx_word' id='word_1_87' title='bbox 913 1791 952 1855; x_wconf 87' lang='grc' dir='ltr'><strong>Τ.</strong></span> <span class='ocrx_word' id='word_1_88' title='bbox 981 1791 1202 1876; x_wconf 78' lang='lat' dir='ltr'><strong>compluribus</strong></span> <span class='ocrx_word' id='word_1_89' title='bbox 1236 1793 1318 1857; x_wconf 88' lang='lat' dir='ltr'><strong>sub·</strong></span> 
     </span>
     <span class='ocr_line' id='line_1_13' title="bbox 176 1902 1320 1990; baseline 0 -23"><span class='ocrx_word' id='word_1_90' title='bbox 176 1906 316 1990; x_wconf 85' lang='lat' dir='ltr'><strong>junctis,</strong></span> <span class='ocrx_word' id='word_1_91' title='bbox 347 1904 429 1968; x_wconf 89' lang='lat' dir='ltr'><strong>haec</strong></span> <span class='ocrx_word' id='word_1_92' title='bbox 455 1903 563 1969; x_wconf 82' lang='lat' dir='ltr'><strong>addit:</strong></span> <span class='ocrx_word' id='word_1_93' title='bbox 597 1903 663 1985; x_wconf 93' lang='lat' dir='ltr'><strong>„In</strong></span> <span class='ocrx_word' id='word_1_94' title='bbox 684 1913 839 1989; x_wconf 91' lang='lat' dir='ltr'><strong>promptu</strong></span> <span class='ocrx_word' id='word_1_95' title='bbox 868 1903 1010 1968; x_wconf 84' lang='lat' dir='ltr'><strong>habeant</strong></span> <span class='ocrx_word' id='word_1_96' title='bbox 1032 1902 1211 1987; x_wconf 87' lang='lat' dir='ltr'><strong>prudentes</strong></span> <span class='ocrx_word' id='word_1_97' title='bbox 1238 1904 1320 1968; x_wconf 92' lang='lat' dir='ltr'><strong>haec</strong></span> 
     </span>
     <span class='ocr_line' id='line_1_14' title="bbox 179 2014 1319 2101; baseline 0 -21"><span class='ocrx_word' id='word_1_98' title='bbox 179 2024 270 2081; x_wconf 85' lang='lat' dir='ltr'><strong>arma</strong></span> <span class='ocrx_word' id='word_1_99' title='bbox 292 2024 408 2080; x_wconf 88' lang='lat' dir='ltr'><strong>cont-ra</strong></span> <span class='ocrx_word' id='word_1_100' title='bbox 428 2014 674 2099; x_wconf 82' lang='lat' dir='ltr'><strong>imprudentes,</strong></span> <span class='ocrx_word' id='word_1_101' title='bbox 704 2018 834 2099; x_wconf 85' lang='lat' dir='ltr'><strong>qudties</strong></span> <span class='ocrx_word' id='word_1_102' title='bbox 856 2015 999 2080; x_wconf 88' lang='lat' dir='ltr'><strong>viderint</strong></span> <span class='ocrx_word' id='word_1_103' title='bbox 1028 2035 1086 2079; x_wconf 90' lang='lat' dir='ltr'><strong>eos</strong></span> <span class='ocrx_word' id='word_1_104' title='bbox 1114 2016 1255 2101; x_wconf 80' lang='lat' dir='ltr'><strong>maligne</strong></span> <span class='ocrx_word' id='word_1_105' title='bbox 1287 2024 1319 2081; x_wconf 88' lang='lat' dir='ltr'><strong>et</strong></span> 
     </span>
     <span class='ocr_line' id='line_1_15' title="bbox 180 2127 1319 2215; baseline 0.002 -24"><span class='ocrx_word' id='word_1_106' title='bbox 180 2127 405 2191; x_wconf 87' lang='lat' dir='ltr'><strong>fraudulenter</strong></span> <span class='ocrx_word' id='word_1_107' title='bbox 432 2128 602 2192; x_wconf 88' lang='lat' dir='ltr'><strong>nobiscnm</strong></span> <span class='ocrx_word' id='word_1_108' title='bbox 629 2127 831 2213; x_wconf 88' lang='lat' dir='ltr'><strong>disceptare,</strong></span> <span class='ocrx_word' id='word_1_109' title='bbox 863 2138 898 2193; x_wconf 92' lang='lat' dir='ltr'><strong>et</strong></span> <span class='ocrx_word' id='word_1_110' title='bbox 926 2129 1012 2192; x_wconf 90' lang='lat' dir='ltr'><strong>bunc</strong></span> <span class='ocrx_word' id='word_1_111' title='bbox 1033 2127 1151 2194; x_wconf 89' lang='lat' dir='ltr'><strong>librum</strong></span> <span class='ocrx_word' id='word_1_112' title='bbox 1176 2128 1319 2215; x_wconf 88' lang='lat' dir='ltr'><strong>maligne</strong></span> 
     </span>
     <span class='ocr_line' id='line_1_16' title="bbox 179 2239 387 2323; baseline -0.01 -20"><span class='ocrx_word' id='word_1_113' title='bbox 179 2241 334 2323; x_wconf 84' lang='lat' dir='ltr'><strong>carpere“</strong></span> <span class='ocrx_word' id='word_1_114' title='bbox 350 2239 387 2323; x_wconf 76' lang='grc'><strong>3).</strong></span> 
     </span>
    </p>

    <p class='ocr_par' dir='ltr' id='par_1_3' title="bbox 176 2344 1319 3889">
     <span class='ocr_line' id='line_1_17' title="bbox 264 2344 1318 2436; baseline 0.003 -23"><span class='ocrx_word' id='word_1_115' title='bbox 264 2350 382 2434; x_wconf 84' lang='lat' dir='ltr'><strong>Itaque</strong></span> <span class='ocrx_word' id='word_1_116' title='bbox 413 2354 519 2435; x_wconf 91' lang='lat' dir='ltr'><strong>ipsum</strong></span> <span class='ocrx_word' id='word_1_117' title='bbox 550 2372 633 2436; x_wconf 89' lang='lat' dir='ltr'><strong>opus</strong></span> <span class='ocrx_word' id='word_1_118' title='bbox 664 2372 701 2415; x_wconf 86' lang='lat' dir='ltr'><strong>se</strong></span> <span class='ocrx_word' id='word_1_119' title='bbox 730 2351 870 2436; x_wconf 89' lang='lat' dir='ltr'><strong>praebet</strong></span> <span class='ocrx_word' id='word_1_120' title='bbox 892 2352 987 2435; x_wconf 89' lang='lat' dir='ltr'><strong>quasi</strong></span> <span class='ocrx_word' id='word_1_121' title='bbox 1013 2344 1130 2416; x_wconf 78' lang='lat' dir='ltr'><strong>duce&#39;m</strong></span> <span class='ocrx_word' id='word_1_122' title='bbox 1155 2351 1318 2436; x_wconf 89' lang='lat' dir='ltr'><strong>quendam</strong></span> 
     </span>
     <span class='ocr_line' id='line_1_18' title="bbox 179 2462 1319 2547; baseline 0.002 -21"><span class='ocrx_word' id='word_1_123' title='bbox 179 2462 515 2528; x_wconf 86' lang='lat' dir='ltr'><strong>catholicaeveritatis</strong></span> <span class='ocrx_word' id='word_1_124' title='bbox 523 2463 821 2547; x_wconf 87' lang='lat' dir='ltr'><strong>propugnatoribus</strong></span> <span class='ocrx_word' id='word_1_125' title='bbox 829 2465 863 2525; x_wconf 92' lang='lat' dir='ltr'><strong>in</strong></span> <span class='ocrx_word' id='word_1_126' title='bbox 873 2462 1084 2529; x_wconf 83' lang='lat' dir='ltr'><strong>instituendis</strong></span> <span class='ocrx_word' id='word_1_127' title='bbox 1100 2484 1171 2526; x_wconf 91' lang='lat' dir='ltr'><strong>oum</strong></span> <span class='ocrx_word' id='word_1_128' title='bbox 1182 2463 1319 2528; x_wconf 89' lang='lat' dir='ltr'><strong>hetero-</strong></span> 
     </span>
     <span class='ocr_line' id='line_1_19' title="bbox 178 2572 1318 2661; baseline 0.003 -24"><span class='ocrx_word' id='word_1_129' title='bbox 178 2572 275 2639; x_wconf 89' lang='lat' dir='ltr'><strong>doxis</strong></span> <span class='ocrx_word' id='word_1_130' title='bbox 298 2573 574 2659; x_wconf 88' lang='lat' dir='ltr'><strong>disputationibus</strong></span> <span class='ocrx_word' id='word_1_131' title='bbox 598 2583 632 2639; x_wconf 88' lang='lat' dir='ltr'><strong>et</strong></span> <span class='ocrx_word' id='word_1_132' title='bbox 654 2577 748 2658; x_wconf 86' lang='lat' dir='ltr'><strong>quasi</strong></span> <span class='ocrx_word' id='word_1_133' title='bbox 770 2578 943 2641; x_wconf 87' lang='lat' dir='ltr'><strong>armarium</strong></span> <span class='ocrx_word' id='word_1_134' title='bbox 965 2584 1162 2661; x_wconf 86' lang='lat' dir='ltr'><strong>promptum,</strong></span> <span class='ocrx_word' id='word_1_135' title='bbox 1186 2597 1228 2641; x_wconf 90' lang='lat' dir='ltr'><strong>ax</strong></span> <span class='ocrx_word' id='word_1_136' title='bbox 1252 2597 1318 2660; x_wconf 91' lang='lat' dir='ltr'><strong>quo</strong></span> 
     </span>
     <span class='ocr_line' id='line_1_20' title="bbox 177 2685 1319 2772; baseline 0.003 -21"><span class='ocrx_word' id='word_1_137' title='bbox 177 2695 307 2751; x_wconf 89' lang='lat' dir='ltr'><strong>sumant</strong></span> <span class='ocrx_word' id='word_1_138' title='bbox 329 2685 522 2767; x_wconf 83' lang='lat' dir='ltr'><strong>orthodoxi,</strong></span> <span class='ocrx_word' id='word_1_139' title='bbox 546 2686 664 2769; x_wconf 83' lang='lat' dir='ltr'><strong>quibus</strong></span> <span class='ocrx_word' id='word_1_140' title='bbox 687 2687 995 2772; x_wconf 88' lang='lat' dir='ltr'><strong>Menophysitarum</strong></span> <span class='ocrx_word' id='word_1_141' title='bbox 1017 2687 1112 2753; x_wconf 91' lang='lat' dir='ltr'><strong>dolos</strong></span> <span class='ocrx_word' id='word_1_142' title='bbox 1133 2691 1319 2754; x_wconf 86' lang='lat' dir='ltr'><strong>machinas-</strong></span> 
     </span>
     <span class='ocr_line' id='line_1_21' title="bbox 177 2800 1318 2885; baseline 0.004 -23"><span class='ocrx_word' id='word_1_143' title='bbox 177 2819 243 2881; x_wconf 89' lang='lat' dir='ltr'><strong>que</strong></span> <span class='ocrx_word' id='word_1_144' title='bbox 276 2801 515 2864; x_wconf 89' lang='lat' dir='ltr'><strong>convincerent.</strong></span> <span class='ocrx_word' id='word_1_145' title='bbox 568 2800 676 2878; x_wconf 79' lang='lat' dir='ltr'><strong>Quum</strong></span> <span class='ocrx_word' id='word_1_146' title='bbox 713 2808 824 2863; x_wconf 89' lang='lat' dir='ltr'><strong>autem</strong></span> <span class='ocrx_word' id='word_1_147' title='bbox 857 2821 922 2864; x_wconf 92' lang='lat' dir='ltr'><strong>non</strong></span> <span class='ocrx_word' id='word_1_148' title='bbox 956 2802 1210 2885; x_wconf 86' lang='lat' dir='ltr'><strong>uniuscujusque</strong></span> <span class='ocrx_word' id='word_1_149' title='bbox 1244 2823 1318 2867; x_wconf 90' lang='lat' dir='ltr'><strong>esse</strong></span> 
     </span>
     <span class='ocr_line' id='line_1_22' title="bbox 176 2910 1319 2994; baseline 0.003 -21"><span class='ocrx_word' id='word_1_150' title='bbox 176 2912 292 2994; x_wconf 82' lang='lat' dir='ltr'><strong>possit,</strong></span> <span class='ocrx_word' id='word_1_151' title='bbox 316 2919 481 2976; x_wconf 84' lang='lat' dir='ltr'><strong>certamen</strong></span> <span class='ocrx_word' id='word_1_152' title='bbox 505 2930 577 2973; x_wconf 89' lang='lat' dir='ltr'><strong>cum</strong></span> <span class='ocrx_word' id='word_1_153' title='bbox 600 2910 774 2975; x_wconf 85' lang='lat' dir='ltr'><strong>haereticis</strong></span> <span class='ocrx_word' id='word_1_154' title='bbox 796 2930 957 2994; x_wconf 87' lang='lat' dir='ltr'><strong>prospere</strong></span> <span class='ocrx_word' id='word_1_155' title='bbox 977 2911 1100 2993; x_wconf 89' lang='lat' dir='ltr'><strong>subire,</strong></span> <span class='ocrx_word' id='word_1_156' title='bbox 1121 2914 1218 2976; x_wconf 92' lang='lat' dir='ltr'><strong>immo</strong></span> <span class='ocrx_word' id='word_1_157' title='bbox 1234 2935 1319 2976; x_wconf 92' lang='lat' dir='ltr'><strong>non-</strong></span> 
     </span>
     <span class='ocr_line' id='line_1_23' title="bbox 176 3020 1319 3108; baseline 0.003 -25"><span class='ocrx_word' id='word_1_158' title='bbox 176 3020 266 3086; x_wconf 90' lang='lat' dir='ltr'><strong>nulla</strong></span> <span class='ocrx_word' id='word_1_159' title='bbox 296 3024 521 3105; x_wconf 87' lang='lat' dir='ltr'><strong>requirantur,</strong></span> <span class='ocrx_word' id='word_1_160' title='bbox 555 3021 673 3105; x_wconf 90' lang='lat' dir='ltr'><strong>quibus</strong></span> <span class='ocrx_word' id='word_1_161' title='bbox 697 3024 820 3106; x_wconf 91' lang='lat' dir='ltr'><strong>optime</strong></span> <span class='ocrx_word' id='word_1_162' title='bbox 842 3023 1036 3085; x_wconf 87' lang='lat' dir='ltr'><strong>instructum</strong></span> <span class='ocrx_word' id='word_1_163' title='bbox 1059 3044 1133 3087; x_wconf 88' lang='lat' dir='ltr'><strong>esse</strong></span> <span class='ocrx_word' id='word_1_164' title='bbox 1156 3030 1319 3108; x_wconf 89' lang='lat' dir='ltr'><strong>oporteat,</strong></span> 
     </span>
     <span class='ocr_line' id='line_1_24' title="bbox 178 3132 1317 3219; baseline 0.004 -24"><span class='ocrx_word' id='word_1_165' title='bbox 178 3134 326 3216; x_wconf 87' lang='lat' dir='ltr'><strong>quisquis</strong></span> <span class='ocrx_word' id='word_1_166' title='bbox 348 3154 417 3197; x_wconf 90' lang='lat' dir='ltr'><strong>rem</strong></span> <span class='ocrx_word' id='word_1_167' title='bbox 440 3132 582 3197; x_wconf 83' lang='lat' dir='ltr'><strong>feliciter</strong></span> <span class='ocrx_word' id='word_1_168' title='bbox 610 3152 726 3218; x_wconf 90' lang='lat' dir='ltr'><strong>gerere</strong></span> <span class='ocrx_word' id='word_1_169' title='bbox 749 3132 846 3215; x_wconf 90' lang='lat' dir='ltr'><strong>velit,</strong></span> <span class='ocrx_word' id='word_1_170' title='bbox 879 3154 959 3197; x_wconf 87' lang='lat' dir='ltr'><strong>sane</strong></span> <span class='ocrx_word' id='word_1_171' title='bbox 980 3154 1046 3197; x_wconf 90' lang='lat' dir='ltr'><strong>uon</strong></span> <span class='ocrx_word' id='word_1_172' title='bbox 1068 3137 1179 3219; x_wconf 89' lang='lat' dir='ltr'><strong>inepto</strong></span> <span class='ocrx_word' id='word_1_173' title='bbox 1202 3143 1317 3200; x_wconf 86' lang='lat' dir='ltr'><strong>auctor</strong></span> 
     </span>
     <span class='ocr_line' id='line_1_25' title="bbox 176 3243 1317 3329; baseline 0 -20"><span class='ocrx_word' id='word_1_174' title='bbox 176 3247 269 3329; x_wconf 91' lang='lat' dir='ltr'><strong>ponit</strong></span> <span class='ocrx_word' id='word_1_175' title='bbox 299 3248 333 3308; x_wconf 90' lang='lat' dir='ltr'><strong>in</strong></span> <span class='ocrx_word' id='word_1_176' title='bbox 363 3247 436 3329; x_wconf 89' lang='lat' dir='ltr'><strong>ipso</strong></span> <span class='ocrx_word' id='word_1_177' title='bbox 467 3246 577 3329; x_wconf 88' lang='lat' dir='ltr'><strong>operis</strong></span> <span class='ocrx_word' id='word_1_178' title='bbox 606 3245 698 3308; x_wconf 90' lang='lat' dir='ltr'><strong>initio</strong></span> <span class='ocrx_word' id='word_1_179' title='bbox 721 3264 792 3328; x_wconf 90' lang='lat' dir='ltr'><strong>cap.</strong></span> <span class='ocrx_word' id='word_1_180' title='bbox 816 3243 842 3308; x_wconf 89' lang='grc' dir='ltr'><strong>Ι.</strong></span> <span class='ocrx_word' id='word_1_181' title='bbox 880 3248 1156 3328; x_wconf 58' lang='lat' dir='ltr'><strong>„mopymaoaiam</strong></span> <span class='ocrx_word' id='word_1_182' title='bbox 1189 3245 1317 3329; x_wconf 80' lang='lat' dir='ltr'><strong>bracem,</strong></span> 
     </span>
     <span class='ocr_line' id='line_1_26' title="bbox 177 3357 1319 3440; baseline 0.004 -23"><span class='ocrx_word' id='word_1_183' title='bbox 177 3357 376 3420; x_wconf 80' lang='lat' dir='ltr'><strong>instruentem</strong></span> <span class='ocrx_word' id='word_1_184' title='bbox 406 3357 567 3440; x_wconf 76' lang='lat' dir='ltr'><strong>quemlibet</strong></span> <span class='ocrx_word' id='word_1_185' title='bbox 594 3358 780 3435; x_wconf 79' lang='lat' dir='ltr'><strong>studiosam,</strong></span> <span class='ocrx_word' id='word_1_186' title='bbox 814 3358 848 3417; x_wconf 80' lang='lat' dir='ltr'><strong>ia</strong></span> <span class='ocrx_word' id='word_1_187' title='bbox 876 3358 985 3440; x_wconf 76' lang='lat' dir='ltr'><strong>quibas</strong></span> <span class='ocrx_word' id='word_1_188' title='bbox 1012 3378 1077 3420; x_wconf 79' lang='lat' dir='ltr'><strong>scae</strong></span> <span class='ocrx_word' id='word_1_189' title='bbox 1110 3364 1181 3421; x_wconf 85' lang='lat' dir='ltr'><strong>cote</strong></span> <span class='ocrx_word' id='word_1_190' title='bbox 1214 3359 1319 3422; x_wconf 69' lang='lat' dir='ltr'><strong>orriolo</strong></span> 
     </span>
     <span class='ocr_line' id='line_1_27' title="bbox 178 3467 1318 3554; baseline 0.003 -24"><span class='ocrx_word' id='word_1_191' title='bbox 178 3488 323 3533; x_wconf 67' lang='lat' dir='ltr'><strong>crecere</strong></span> <span class='ocrx_word' id='word_1_192' title='bbox 353 3474 382 3531; x_wconf 87' lang='lat' dir='ltr'><strong>et</strong></span> <span class='ocrx_word' id='word_1_193' title='bbox 412 3488 542 3552; x_wconf 73' lang='lat' dir='ltr'><strong>quornm</strong></span> <span class='ocrx_word' id='word_1_194' title='bbox 571 3470 712 3533; x_wconf 81' lang='lat' dir='ltr'><strong>notitiam</strong></span> <span class='ocrx_word' id='word_1_195' title='bbox 735 3488 855 3551; x_wconf 83' lang='lat' dir='ltr'><strong>parere</strong></span> <span class='ocrx_word' id='word_1_196' title='bbox 886 3469 1016 3533; x_wconf 57' lang='lat' dir='ltr'><strong>debead</strong></span> <span class='ocrx_word' id='word_1_197' title='bbox 1033 3467 1069 3554; x_wconf 86' lang='lat'><strong>⁴).</strong></span> <span class='ocrx_word' id='word_1_198' title='bbox 1113 3470 1207 3549; x_wconf 84' lang='lat' dir='ltr'><strong>Quae</strong></span> <span class='ocrx_word' id='word_1_199' title='bbox 1236 3490 1318 3553; x_wconf 90' lang='lat' dir='ltr'><strong>pro·</strong></span> 
     </span>
     <span class='ocr_line' id='line_1_28' title="bbox 176 3580 1318 3663; baseline 0.002 -21"><span class='ocrx_word' id='word_1_200' title='bbox 176 3582 348 3663; x_wconf 85' lang='lat' dir='ltr'><strong>gymnasia</strong></span> <span class='ocrx_word' id='word_1_201' title='bbox 370 3601 467 3663; x_wconf 92' lang='lat' dir='ltr'><strong>quum</strong></span> <span class='ocrx_word' id='word_1_202' title='bbox 491 3580 636 3645; x_wconf 91' lang='lat' dir='ltr'><strong>nonnihil</strong></span> <span class='ocrx_word' id='word_1_203' title='bbox 657 3583 834 3662; x_wconf 87' lang='lat' dir='ltr'><strong>contineat,</strong></span> <span class='ocrx_word' id='word_1_204' title='bbox 857 3580 1090 3663; x_wconf 87' lang='lat' dir='ltr'><strong>quodlectorie</strong></span> <span class='ocrx_word' id='word_1_205' title='bbox 1101 3587 1243 3645; x_wconf 87' lang='lat' dir='ltr'><strong>mentem</strong></span> <span class='ocrx_word' id='word_1_206' title='bbox 1256 3580 1318 3645; x_wconf 90' lang='lat' dir='ltr'><strong>de-</strong></span> 
     </span>
     <span class='ocr_line' id='line_1_29' title="bbox 176 3689 1317 3776; baseline 0.002 -23"><span class='ocrx_word' id='word_1_207' title='bbox 176 3689 298 3757; x_wconf 86' lang='lat' dir='ltr'><strong>lectare</strong></span> <span class='ocrx_word' id='word_1_208' title='bbox 320 3694 436 3776; x_wconf 87' lang='lat' dir='ltr'><strong>possit,</strong></span> <span class='ocrx_word' id='word_1_209' title='bbox 460 3692 621 3775; x_wconf 90' lang='lat' dir='ltr'><strong>simulque</strong></span> <span class='ocrx_word' id='word_1_210' title='bbox 644 3693 701 3757; x_wconf 88' lang='lat' dir='ltr'><strong>fini</strong></span> <span class='ocrx_word' id='word_1_211' title='bbox 722 3713 796 3757; x_wconf 89' lang='lat' dir='ltr'><strong>meo</strong></span> <span class='ocrx_word' id='word_1_212' title='bbox 823 3691 949 3775; x_wconf 88' lang='lat' dir='ltr'><strong>aliquid</strong></span> <span class='ocrx_word' id='word_1_213' title='bbox 972 3693 1122 3757; x_wconf 81' lang='lat' dir='ltr'><strong>conferre</strong></span> <span class='ocrx_word' id='word_1_214' title='bbox 1148 3691 1317 3757; x_wconf 85' lang='lat' dir='ltr'><strong>videatur:</strong></span> 
     </span>
     <span class='ocr_line' id='line_1_30' title="bbox 178 3803 1269 3889; baseline 0 -22"><span class='ocrx_word' id='word_1_215' title='bbox 178 3821 249 3867; x_wconf 88' lang='lat' dir='ltr'><strong>eam</strong></span> <span class='ocrx_word' id='word_1_216' title='bbox 271 3804 431 3889; x_wconf 84' lang='lat' dir='ltr'><strong>integram</strong></span> <span class='ocrx_word' id='word_1_217' title='bbox 450 3805 547 3889; x_wconf 88' lang='lat' dir='ltr'><strong>juvat</strong></span> <span class='ocrx_word' id='word_1_218' title='bbox 567 3804 621 3867; x_wconf 88' lang='lat' dir='ltr'><strong>hio</strong></span> <span class='ocrx_word' id='word_1_219' title='bbox 638 3807 821 3889; x_wconf 83' lang='lat' dir='ltr'><strong>apponere.</strong></span> <span class='ocrx_word' id='word_1_220' title='bbox 864 3803 1018 3887; x_wconf 85' lang='lat' dir='ltr'><strong>Requirit</strong></span> <span class='ocrx_word' id='word_1_221' title='bbox 1039 3812 1148 3869; x_wconf 87' lang='lat' dir='ltr'><strong>antem</strong></span> <span class='ocrx_word' id='word_1_222' title='bbox 1172 3804 1269 3868; x_wconf 88' lang='lat' dir='ltr'><strong>haec:</strong></span> 
     </span>
    </p>

    <p class='ocr_par' dir='ltr' id='par_1_4' title="bbox 254 3913 1317 4001">
     <span class='ocr_line' id='line_1_31' title="bbox 254 3913 1317 4001; baseline 0.002 -23"><span class='ocrx_word' id='word_1_223' title='bbox 254 3916 283 3978; x_wconf 89' lang='lat'><strong>1.</strong></span> <span class='ocrx_word' id='word_1_224' title='bbox 306 3913 375 3996; x_wconf 86' lang='lat' dir='ltr'><strong>,Ut</strong></span> <span class='ocrx_word' id='word_1_225' title='bbox 396 3915 564 3981; x_wconf 86' lang='lat' dir='ltr'><strong>studiosus</strong></span> <span class='ocrx_word' id='word_1_226' title='bbox 583 3924 661 3981; x_wconf 84' lang='lat' dir='ltr'><strong>ante</strong></span> <span class='ocrx_word' id='word_1_227' title='bbox 680 3916 901 3980; x_wconf 89' lang='lat' dir='ltr'><strong>omniavitam</strong></span> <span class='ocrx_word' id='word_1_228' title='bbox 922 3915 1093 3980; x_wconf 87' lang='lat' dir='ltr'><strong>honestam</strong></span> <span class='ocrx_word' id='word_1_229' title='bbox 1116 3936 1317 4001; x_wconf 68' lang='lat' dir='ltr'><strong>gravmque</strong></span> 
     </span>
    </p>

    <p class='ocr_par' dir='ltr' id='par_1_5' title="bbox 308 4026 1266 4111">
     <span class='ocr_line' id='line_1_32' title="bbox 308 4026 1266 4111; baseline 0 -21"><span class='ocrx_word' id='word_1_230' title='bbox 308 4026 423 4108; x_wconf 85' lang='lat' dir='ltr'><strong>ducat,</strong></span> <span class='ocrx_word' id='word_1_231' title='bbox 447 4034 480 4091; x_wconf 85' lang='lat' dir='ltr'><strong>et</strong></span> <span class='ocrx_word' id='word_1_232' title='bbox 502 4026 660 4111; x_wconf 83' lang='lat' dir='ltr'><strong>Spiritum</strong></span> <span class='ocrx_word' id='word_1_233' title='bbox 684 4026 839 4093; x_wconf 85' lang='lat' dir='ltr'><strong>Sanctum</strong></span> <span class='ocrx_word' id='word_1_234' title='bbox 861 4027 1001 4091; x_wconf 90' lang='lat' dir='ltr'><strong>incolam</strong></span> <span class='ocrx_word' id='word_1_235' title='bbox 1022 4028 1056 4089; x_wconf 93' lang='lat' dir='ltr'><strong>in</strong></span> <span class='ocrx_word' id='word_1_236' title='bbox 1078 4048 1116 4091; x_wconf 87' lang='lat' dir='ltr'><strong>se</strong></span> <span class='ocrx_word' id='word_1_237' title='bbox 1136 4027 1266 4091; x_wconf 85' lang='lat' dir='ltr'><strong>habeat.</strong></span> 
     </span>
    </p>
   </div>
   <div class='ocr_carea' id='block_1_3' title="bbox 569 4240 1314 4249">
    <p class='ocr_par' dir='ltr' id='par_1_6' title="bbox 569 4240 1314 4249">
     <span class='ocr_line' id='line_1_33' title="bbox 569 4240 1314 4249; baseline 0.004 -4"><span class='ocrx_word' id='word_1_238' title='bbox 569 4240 642 4245; x_wconf 79' lang='lat'><em>.-.-.--</em></span> <span class='ocrx_word' id='word_1_239' title='bbox 659 4240 1023 4247; x_wconf 63' lang='lat'><strong>--—-......-—--..---.-—&lt;-</strong></span> <span class='ocrx_word' id='word_1_240' title='bbox 1035 4240 1162 4247; x_wconf 35' lang='lat' dir='ltr'><strong>.s.--.......„.</strong></span> <span class='ocrx_word' id='word_1_241' title='bbox 1173 4243 1177 4246; x_wconf 93' lang='lat'>.</span> <span class='ocrx_word' id='word_1_242' title='bbox 1194 4242 1255 4247; x_wconf 81' lang='grc'>--..-</span> <span class='ocrx_word' id='word_1_243' title='bbox 1267 4242 1314 4249; x_wconf 68' lang='lat'><em>-—-.</em></span> 
     </span>
    </p>
   </div>
   <div class='ocr_carea' id='block_1_4' title="bbox 245 4397 968 4558">
    <p class='ocr_par' dir='ltr' id='par_1_7' title="bbox 245 4397 968 4558">
     <span class='ocr_line' id='line_1_34' title="bbox 246 4397 932 4464; baseline 0.003 -15"><span class='ocrx_word' id='word_1_244' title='bbox 246 4397 268 4463; x_wconf 88' lang='lat'><strong>¹)</strong></span> <span class='ocrx_word' id='word_1_245' title='bbox 287 4398 338 4449; x_wconf 90' lang='lat' dir='ltr'><strong>col.</strong></span> <span class='ocrx_word' id='word_1_246' title='bbox 358 4400 409 4451; x_wconf 78' lang='lat'><strong>243</strong></span> <span class='ocrx_word' id='word_1_247' title='bbox 425 4399 457 4448; x_wconf 89' lang='lat' dir='ltr'><strong>B.</strong></span> <span class='ocrx_word' id='word_1_248' title='bbox 768 4398 790 4464; x_wconf 85' lang='lat'><strong>²)</strong></span> <span class='ocrx_word' id='word_1_249' title='bbox 810 4400 861 4451; x_wconf 92' lang='lat' dir='ltr'><strong>col.</strong></span> <span class='ocrx_word' id='word_1_250' title='bbox 882 4400 932 4451; x_wconf 77' lang='lat'><strong>283</strong></span> 
     </span>
     <span class='ocr_line' id='line_1_35' title="bbox 245 4491 968 4558; baseline 0 -15"><span class='ocrx_word' id='word_1_251' title='bbox 245 4491 267 4558; x_wconf 84' lang='lat'><strong>⁸)</strong></span> <span class='ocrx_word' id='word_1_252' title='bbox 288 4494 339 4543; x_wconf 90' lang='lat' dir='ltr'><strong>col.</strong></span> <span class='ocrx_word' id='word_1_253' title='bbox 360 4493 459 4545; x_wconf 75' lang='lat'><strong>2871).</strong></span> <span class='ocrx_word' id='word_1_254' title='bbox 772 4492 794 4558; x_wconf 77' lang='lat'><strong>⁸)</strong></span> <span class='ocrx_word' id='word_1_255' title='bbox 814 4496 865 4544; x_wconf 85' lang='lat' dir='ltr'><strong>col.</strong></span> <span class='ocrx_word' id='word_1_256' title='bbox 884 4496 917 4545; x_wconf 84' lang='lat'><strong>39</strong></span> <span class='ocrx_word' id='word_1_257' title='bbox 935 4494 968 4544; x_wconf 86' lang='grc' dir='ltr'><strong>Α.</strong></span> 
     </span>
    </p>
   </div>
   <div class='ocr_carea' id='block_1_5' title="bbox 0 0 1618 5217">
    <p class='ocr_par' dir='ltr' id='par_1_8' title="bbox 0 0 1618 5217">
     <span class='ocr_line' id='line_1_36' title="bbox 0 0 1618 5217; baseline 0 1"><span class='ocrx_word' id='word_1_258' title='bbox 0 0 1618 5217; x_wconf 95' lang='lat' dir='ltr'><strong> </strong></span> 
     </span>
    </p>
   </div>
  </div>
 </body>
</html>
