3225 5217
1288 478 1330 544 55

275 647 327 714 Ao
356 652 494 734 primum
522 649 654 733 quidam
687 652 750 732 ait,
787 651 872 732 „hoc
908 651 1102 736 opusculum
1133 651 1222 716 aliud
1252 651 1332 717 nihil

189 781 263 829 esso
280 782 379 845 quam
395 763 623 846 perturbatum
640 763 845 826 diversorum
863 785 883 826 a
901 783 938 827 se
953 765 1092 826 invicem
1105 761 1330 826 distinctorum

188 872 419 955 opusculorum
442 872 679 937 collectaneum
702 895 762 937 seu
781 874 981 958 farraginem
1004 875 1112 956 potius
1132 872 1330 937 inconditam

115 990 144 1048 0‘
188 981 392 1046 diversorum
421 993 634 1065 tractatuum,
671 988 721 1048 uti
757 1006 802 1048 ex
834 985 975 1048 lectione
1005 1005 1174 1068 apparere.
1226 984 1330 1066 Atqui

187 1114 232 1157 ex
250 1095 354 1158 oculis
372 1103 407 1159 et
423 1095 546 1179 judicio
565 1099 708 1159 omnium
727 1096 928 1160 eruditorum
945 1097 1042 1180 hujus
1067 1095 1190 1158 saeculi
1207 1095 1329 1158 nullum

186 1206 325 1270 inveniri
347 1207 432 1270 intra
460 1227 522 1270 sex
549 1209 661 1290 priora
689 1207 848 1272 acclesiae
879 1207 1029 1287 saecula,
1061 1209 1116 1290 qui
1146 1207 1329 1292 ferrugines

188 1315 348 1400 ejusmodi
382 1319 615 1402 incompositas
643 1339 829 1401 scopaeque
857 1318 1034 1382 dissolutas
1064 1318 1234 1382 Ecclesiae
1267 1318 1329 1382 ob-

185 1427 313 1490 tuleritz
333 1428 422 1492 unde
443 1450 487 1492 ex
511 1430 674 1492 communi
692 1449 792 1494 sensu
810 1438 910 1512 atque
925 1429 1050 1514 judicio
1070 1429 1327 1494 concludendum

186 1557 279 1620 csse,
302 1538 494 1623 opusculum
514 1539 605 1602 istud
626 1539 812 1604 nullatenus
835 1560 934 1623 posse
952 1542 1127 1605 convenire
1150 1548 1208 1604 aut
1228 1559 1327 1624 speo-

185 1658 258 1719 tare
286 1649 342 1713 vel
368 1649 412 1713 ad
433 1649 644 1714 Anastasium
666 1650 683 1715 I
705 1672 765 1714 seu
786 1652 950 1714 seniorem
973 1651 1028 1714 vel
1051 1651 1094 1716 ad
1115 1650 1327 1716 Anastasium

182 1763 345 1847 juniorem
373 1763 492 1845 prioris
521 1782 754 1826 successorem.
806 1760 930 1829 Contra
956 1783 1036 1826 vero
1063 1761 1152 1846 apud
1174 1770 1324 1828 auctores

185 1870 333 1938 Graecos
354 1875 573 1938 recentiorum
595 1882 778 1958 temporum
799 1895 820 1936 a
841 1873 975 1938 saeculo
988 1873 1159 1938 Ecclesiae
1183 1894 1269 1938 nono
1293 1881 1328 1938 et

184 1985 398 2067 sequentibus
413 1985 552 2069 plurima
567 1971 729 2069 ejusmodi
740 1985 943 2052 collectanea
964 2005 1023 2050 seu
1045 1982 1220 2069 farrigiaea
1237 1985 1324 2050 male
1435 1981 1437 1986 ’

184 2104 387 2179 compactas,
410 2095 541 2178 qualem
562 2098 658 2160 istam
680 2117 771 2176 esse,
795 2116 965 2163 emanasse
986 2105 1022 2164 ‚at
1043 2103 1189 2162 exstare.
1228 2095 1326 2162 Unde

184 2214 219 2270 at
246 2227 307 2289 per
335 2228 373 2271 aa
401 2207 541 2270 clamare
571 2207 767 2290 farraginem
796 2209 894 2272 istam
923 2209 956 2270 in
982 2206 1151 2271 Anastasii
1180 2206 1326 2274 Sinaitae

182 2318 333 2381 monachi
354 2325 455 2400 atquc
476 2316 676 2382 Antiocheni
704 2321 853 2401 episcopi
878 2321 1008 2382 nominc
1038 2320 1146 2400 quarti
1176 2321 1326 2403 gratiam,

183 2449 281 2512 quem
303 2428 438 2494 saeculo
461 2427 634 2492 Ecclesiae
652 2431 779 2494 ineunti
795 2428 860 2493 XI.
883 2428 1085 2514 alligaverit,
1108 2428 1165 2494 ubi
1189 2432 1327 2495 scientia

182 2548 282 2624 atque
311 2539 452 2604 eruditio
473 2543 559 2606 inter
581 2538 729 2604 Graecos
752 2544 896 2607 maxime
919 2541 1104 2626 languerit“
1120 2542 1152 2625 ¹).
1201 2541 1325 2607 Verum

179 2671 324 2734 >quonam
357 2652 433 2736 jure
463 2650 612 2716 Oudinus
653 2673 746 2716 meris
777 2652 863 2719 hanc
895 2652 1135 2718 conclusionem
1165 2655 1324 2734 instituat,

181 2761 334 2844 equidem
363 2783 428 2825 non
463 2761 570 2826 video.
623 2761 710 2828 Sane
739 2765 773 2826 in
809 2764 879 2847 ejus
917 2765 1080 2828 sententia
1108 2763 1211 2830 multa
1248 2771 1324 2828 sunt

180 2870 412 2956 distinguenda
445 2881 546 2956 atque
579 2873 757 2956 arguenda
811 2872 863 2937 Ac
896 2876 1034 2960 primum
1069 2874 1199 2956 quidem
1235 2874 1324 2956 quod

180 2982 260 3047 dicit
270 2981 448 3068 Hodegum
467 3004 542 3048 esse
554 2984 781 3068 perturbatum
798 2984 1035 3058 collectaneum
1055 3005 1114 3048 sau
1124 2985 1323 3069 farraginem

178 3096 289 3177 potius
311 3093 525 3177 inconditam,
547 3116 613 3160 nou
635 3103 687 3160 eat
709 3117 782 3159 cum
805 3117 845 3161 eo
875 3095 1145 3160 contendendum.
1192 3095 1322 3179 Quippe

180 3205 270 3288 quod
299 3214 351 3270 est
378 3207 635 3290 uniuscujusque
659 3207 818 3292 judicium
848 3215 948 3291 atque
977 3215 1111 3292 gustus,
1146 3227 1188 3270 ne
1216 3206 1322 3270 dicam

180 3315 348 3400 diligentia
368 3320 402 3380 in
430 3315 664 3394 examinando,
695 3317 795 3382 facile
820 3319 965 3400 aliquem
990 3317 1108 3380 librum
1137 3316 1321 3383 ordinatum

178 3427 442 3494 inordinatumve
466 3430 601 3513 reperit
645 3425 684 3492 In
711 3449 778 3511 quo
806 3447 874 3496 non
901 3436 953 3494 est
988 3426 1029 3493 de
1065 3428 1216 3513 gustibus
1250 3427 1321 3514 dis-

178 3539 367 3625 putandum.
410 3537 479 3604 Sed
500 3547 590 3620 esto,
619 3538 755 3625 Hodegi
776 3560 859 3623 opus
883 3559 957 3606 esse
981 3539 1218 3605 collectaneum
1241 3561 1321 3624 per-

177 3651 343 3715 turbatum
374 3658 474 3733 atque
502 3651 694 3736 sartiginem
721 3649 938 3732 inconditam,
969 3658 1079 3715 umen
1111 3671 1155 3714 ax
1185 3671 1224 3714 eo
1253 3627 1342 3716 non*

124 3795 135 3802 -
178 3763 342 3845 sequitur,
376 3761 500 3826 nullum
536 3764 623 3826 intra
656 3783 719 3827 sex
755 3763 868 3844 priora
903 3760 1034 3826 saecula
1067 3761 1167 3829 talem
1201 3761 1320 3828 librum

177 3869 350 3938 Ecclesiae
379 3872 499 3938 offerre
525 3874 683 3957 potuisse.
728 3871 847 3954 Neque
870 3874 898 3936 si
925 3893 990 3954 „ex
1015 3872 1118 3936 oculis
1141 3879 1174 3938 et
1196 3871 1320 3956 judicio

178 3984 319 4046 omnium
350 3981 573 4048 eruditorum“
602 3982 746 4047 nondum
774 3985 947 4066 quisquam
976 3985 1129 4049 inventus
1158 3989 1227 4063 est,
1263 3983 1319 4064 qui

247 4455 269 4521 ¹)
288 4455 385 4507 Oudin.
404 4461 469 4508 tom.
488 4457 522 4507 11.
544 4457 595 4507 coL
616 4456 674 4507 554.
