3225 5217
1269 516 1310 581 lo

172 687 348 753 destitutus
361 687 384 769 ¹)
406 685 505 772 piane
526 687 658 752 aberrat
679 706 719 751 so
741 686 1015 752 tresAuustssios
1038 685 1135 752 simul
1156 690 1188 750 in
1211 708 1310 751 unum

172 798 352 864 confundit.
395 797 470 863 Non
501 798 605 863 solum
634 806 744 863 eurem
773 800 846 883 ipse
867 796 1075 883 Nicephoius
1102 797 1241 862 forsitan
1267 797 1310 862 ub

171 910 281 993 aliquo
305 911 433 975 seniore
449 907 608 992 deeeptus
620 909 673 973 hio
688 912 820 988 emovit,
832 929 946 973 verum
970 913 1066 973 etium
1088 910 1171 973 ulios
1192 928 1310 971 reeen-

171 1022 272 1085 tiores
281 1017 536 1103 quamplurimos
546 1040 656 1083 seeum
668 1022 701 1082 in
711 1040 856 1083 errorem
862 1020 1013 1094 abduxit,
1026 1040 1110 1103 quos
1119 1037 1309 1083 enumerare

172 1129 306 1216 longum
331 1139 390 1196 est.
421 1128 459 1193 In
482 1131 601 1213 quibus
623 1134 780 1216 imprimis
800 1131 992 1198 numerandi
1014 1140 1091 1196 sunt
1110 1133 1145 1211 ii,
1167 1133 1223 1213 qui
1245 1150 1311 1193 nou

171 1242 277 1309 solum
299 1246 461 1307 seniorem
482 1240 692 1308 Anastasium
715 1242 935 1326 patriarchum
960 1241 1219 1320 Antiochenam,
1250 1239 1311 1305 sed
1408 1266 1412 1271 ·

173 1357 269 1419 etiarn
276 1354 438 1439 juniorem
453 1352 611 1421 Sinait-am
623 1362 753 1431 vocant,
777 1352 905 1432 eodum,
927 1360 965 1415 ut
983 1354 1109 1436 opinor,
1131 1351 1311 1437 Nicephori

171 1464 245 1531 loeo
257 1464 398 1549 decepti.
419 1465 626 1550 Longissime
645 1463 897 1529 uutemaberrut
909 1462 1069 1539 Oudinus,
1091 1467 1148 1546 qui
1160 1466 1310 1547 quoties·-

171 1596 300 1660 ouuqus
328 1575 471 1658 aliquem
493 1572 740 1659 deprehendere
770 1574 834 1642 sibi
855 1573 987 1639 videtur
1006 1573 1218 1639 Auostasium
1239 1578 1310 1641 sive

170 1706 250 1754 vore
286 1689 357 1751 sive
390 1706 487 1771 quem
519 1693 615 1770 putet
646 1683 889 1751 Antiochorum
922 1688 1129 1769 episcopum,
1170 1685 1310 1752 eundern

170 1797 280 1863 subito
302 1797 383 1861 ionii
405 1797 598 1863 monachum
620 1794 777 1863 Sinuitsm
801 1804 836 1861 et
852 1798 926 1863 vioe
942 1816 1049 1865 verse.
1083 1795 1130 1863 m
1150 1801 1310 1885 rutionem

171 1906 304 1991 quidem
335 1906 442 1973 effers
498 1905 684 1989 „Solebam
719 1909 823 1989 onim,
861 1909 982 1991 iuquit,
1021 1908 1073 1972 his
1106 1908 1309 1993 temporibus

170 2016 369 2082 Antiocheni
397 2020 570 2102 episcopos
593 2017 658 2083 sibi
679 2017 783 2083 ferme
814 2038 858 2083 ex
879 2026 990 2083 monte
1013 2018 1104 2085 Sinai
1125 2040 1307 2103 accersere,

170 2135 207 2191 ut
229 2126 272 2193 de
293 2126 472 2193 Anastasio
494 2130 623 2216 seniore
644 2138 680 2193 et
703 2126 744 2193 de
768 2125 949 2214 Gregorio,
973 2131 1030 2212 qui
1052 2132 1098 2208 ei,
1129 2128 1212 2193 dum·
1229 2130 1309 2194 exul

171 2246 252 2317 urst,
274 2240 307 2301 in
330 2236 411 2303 sedo
433 2240 592 2304 sucosssit
615 2246 649 2303 et
671 2238 712 2306 de
734 2241 810 2321 isto,
832 2241 889 2323 qui
905 2239 1078 2323 posteead
1093 2240 1207 2305 sedem
1223 2241 1309 2307 hene

166 2347 320 2415 elevatus
343 2356 411 2430 est,
433 2351 639 2433 apertissime
662 2352 818 2415 constut“
832 2347 867 2433 ²).
909 2348 1069 2415 Nimirum
1092 2348 1241 2415 Oudinus
1263 2372 1308 2417 ex

169 2458 349 2543 probandis
370 2459 499 2543 probor„

255 2569 372 2653 Itaque
405 2570 465 2635 hos
499 2568 583 2635 duos
617 2570 830 2653 Anastasiou,
863 2592 948 2657 quos
980 2572 1069 2653 dixi,
1103 2574 1308 2655 patriarches

169 2678 395 2744 Antiochenos
418 2687 451 2745 et
473 2678 638 2765 Gregorio
659 2681 704 2745 M.
726 2690 876 2766 temporo
904 2683 1079 2765 aequales,
1110 2704 1175 2749 non
1202 2685 1307 2751 fuisso

170 2787 312 2855 Sineitss
333 2788 389 2853 vel
410 2789 527 2855 saltem
551 2793 680 2857 omnino
703 2794 807 2876 gratis
831 2795 943 2857 vocari
964 2792 1222 2859 concludendum
1245 2804 1306 2857 ost.

169 2896 236 2965 sed
269 2899 352 2964 haee
384 2898 516 2983 quidem
551 2899 593 2965 de
620 2900 670 2967 his
702 2899 832 2968 duobus
859 2902 1046 2969 Anustnsiis
1075 2904 1306 2987 Antiochorum

169 3028 253 3075 nune
276 3007 317 3075 de
340 3008 472 3095 Hodegi
493 3018 627 3078 auctore
650 3011 819 3111 disseram.

239 3266 261 3332 ¹)
278 3266 413 3331 Evngrlue
437 3270 508 3319 enlm
525 3268 663 3321 Historiae
690 3284 756 3319 suus
780 3268 862 3321 finem
885 3272 953 3322 {soit
974 3271 1010 3322 ub
1032 3285 1103 3322 suno
1121 3270 1246 3323 Maurici!
1264 3274 1306 3343 12,

169 3361 186 3409 i.
198 3375 229 3411 e.
248 3358 350 3411 Christi
367 3360 425 3411 594.

238 3452 260 3518 ²)
279 3452 377 3505 Oudin.
396 3458 461 3505 rom.
479 3455 500 3505 1.
525 3456 576 3509 ool.
596 3459 672 3509 1486.
708 3456 857 3523 Gregorius
881 3458 991 3524 quidem
1016 3474 1046 3511 re
1064 3474 1130 3513 vero
1154 3474 1190 3511 ex
1212 3464 1305 3513 monte

169 3544 244 3597 Sinni
267 3546 302 3597 nd
326 3546 519 3599 Pontificatum
540 3548 741 3602 Antiochenam
768 3558 909 3617 promotus
933 3558 976 3603 esi
999 3552 1071 3619 (vid.
1096 3568 1180 3619 supra
1202 3568 1264 3619 pag.
1290 3555 1305 3605 7

169 3644 234 3690 notu
252 3639 289 3705 4).
325 3638 379 3691 Sed
398 3640 469 3693 unde
487 3641 610 3693 Oudinus
628 3643 699 3694 idom
717 3638 769 3695 sci't
787 3644 823 3695 do
840 3645 947 3698 duobus
964 3648 1023 3698 istis
1033 3647 1206 3699 Anastasiis?
1234 3646 1306 3699 Sane

168 3732 303 3799 Euagrius
321 3734 359 3785 nil
377 3734 432 3787 tulo
450 3736 548 3803 refert,
566 3742 598 3788 ut
613 3738 671 3801 jum
689 3754 771 3805 supro
790 3740 855 3791 dixi.
