3225 5217
314 500 357 563 30

314 676 470 739 accuras“
486 672 518 756 ¹).
563 673 647 756 „Ad
670 680 784 739 enatus
806 673 893 735 enim
915 672 1071 739 haereses
1093 674 1270 759 pharmaca
1292 685 1326 741 et
1346 676 1454 742 medi·

314 794 463 851 amenta
485 784 653 851 doctrinae
676 782 921 849 accomodauda
942 806 1034 851 esse:
1064 808 1173 870 neque
1204 792 1307 868 enim,
1338 790 1453 871 inquit,

313 900 341 962 si
353 900 426 981 quis
444 895 713 978 medicusuquae
731 902 849 979 potum
863 897 1076 979 prohibuerit,
1098 900 1258 982 pestifero
1281 901 1453 983 ingruente

311 1008 436 1089 morbo,
460 1009 633 1091 quisquam
656 1006 767 1072 dicere
789 1008 931 1092 poterit:
953 1017 1166 1095 antegressos
1187 1009 1451 1093 medicuanuae

313 1130 427 1206 potum
439 1140 504 1183 non
515 1121 671 1183 vetuisse.
694 1117 876 1205 Evestigio
895 1122 980 1184 enim
997 1142 1018 1185 a
1035 1120 1164 1187 medico
1181 1122 1309 1186 audiet:
1331 1122 1452 1205 Futue3

311 1232 461 1295 morbum
483 1229 582 1315 longe
604 1229 737 1313 lateque
759 1234 902 1314 grassari
925 1230 1034 1312 vides,
1064 1240 1163 1297 etex
1184 1253 1299 1296 norma
1320 1232 1451 1303 veletu-

311 1341 432 1409 tudinis
461 1362 640 1427 prosperae
681 1343 790 1406 metiri
817 1344 869 1406 vis
898 1342 1223 1427 aegritudinemw)
1266 1343 1323 1407 Ad
1353 1364 1451 1426 quam

311 1454 427 1521 Severi
449 1454 689 1519 cavillationem
712 1453 908 1519 Anastasius
929 1456 1072 1537 perscite
1085 1452 1128 1537 1);
1157 1453 1308 1538 „Silest,
1334 1454 1448 1537 inquit,

310 1569 511 1652 inposterum
525 1564 750 1651 ,apostolicus
783 1565 974 1648 Dionysius.
1018 1566 1177 1645 Quiescut
1212 1567 1451 1631 haereticorum

311 1680 453 1743 omnium
477 1680 602 1743 securis
624 1676 790 1743 Irenaeus.
824 1676 916 1742 Nihil
937 1676 1092 1759 loquatur
1103 1675 1267 1759 Clemens,
1288 1676 1415 1763 palmes
1423 1673 1450 1758 ⁴)

310 1788 442 1855 Christi.
496 1790 656 1855 Facessat
685 1790 754 1873 jam
785 1788 1010 1874 Augustinus,
1044 1791 1101 1872 qui
1133 1809 1193 1853 suo
1227 1775 1384 1872 sunguine
1416 1788 1451 1851 in

309 1903 442 1987 scriptis
465 1901 546 1965 dues
568 1902 601 1966 in
624 1898 757 1965 Christo
788 1908 922 1966 naturas
953 1902 1159 1985 consignavit
1171 1898 1206 1983 ⁵).
1250 1899 1342 1964 Nulli
1364 1901 1448 1963 enim

309 2015 569 2099 sapientissimus
604 2014 667 2077 iste
709 2010 878 2077 doctorum
910 2010 1120 2079 adversarius
1159 2014 1321 2095 pepercit
1371 2010 1448 2075 Non

307 2126 470 2195 reveritus
485 2132 537 2189 est
552 2124 677 2189 vultum
687 2122 840 2189 Eustatii.
873 2122 1073 2209 Gregorium
1092 2123 1321 2187 miraculorum
1344 2122 1448 2187 effec-

307 2244 413 2303 torem
434 2236 618 2305 floccifccit.
654 2234 841 2301 Certamina
860 2234 1033 2300 Athanasii
1055 2257 1122 2299 non
1143 2237 1320 2319 pertimuit
1355 2232 1447 2297 Illum

307 2348 421 2415 Basilii
442 2348 575 2415 vivendi
607 2349 787 2429 rationem,
822 2368 909 2430 quae
930 2356 966 2412 et
992 2347 1205 2411 daemonibus
1234 2346 1361 2411 horrori
1383 2354 1445 2426 est,

305 2462 338 2525 in
367 2463 542 2545 postremis
564 2458 681 2533 ‚duxit
732 2458 867 2525 Nullum
896 2449 1054 2523 honorem
1081 2456 1252 2543 Gregoriis
1280 2459 1447 2541 impertiit,

306 2592 390 2655 quos
412 2573 476 2655 ipsi
487 2569 638 2641 Graecis
653 2570 720 2635 fide
737 2578 851 2635 nostra
862 2570 960 2635 alieni
977 2578 1199 2655 suspexerunt
1215 2590 1255 2635 ac
1265 2568 1446 2646 coluerunt.

305 2681 524 2767 Epiphanium
549 2684 757 2767 contempsit,
786 2684 843 2765 qui
869 2683 1004 2766 spiritus
1030 2681 1190 2766 malignos
1219 2682 1253 2743 in
1275 2689 1445 2764 stuporem

305 2798 414 2879 rapuit
436 2802 470 2861 et
491 2795 669 2861 ter-refecit.
701 2794 952 2886 NequeJoanni
967 2796 1187 2859 reverentiam
1199 2792 1328 2873 detulit,
1351 2791 1443 2875 cujus

304 2929 420 2973 vocem
438 2910 653 2991 imperatores
676 2927 807 2990 quoque
825 2906 1079 2973 cohorruerunt:
1100 2927 1166 2971 non
1177 2904 1442 2991 Amphilochium

304 3028 450 3086 moratus
480 3028 548 3101 est,
578 3040 643 3085 nou
665 3018 891 3099 Ambrosium,
919 3040 987 3084 non
1012 3018 1235 3103 Ephraemum
1264 3017 1352 3081 omni
1374 3017 1444 3079 vir-

304 3139 409 3197 tutum
431 3148 553 3216 genere
577 3128 846 3211 excultissimum,
869 3150 934 3195 non
955 3129 1124 3211 Proclum3
1146 3149 1209 3192 neo
1230 3129 1294 3210 ipsi
1317 3124 1443 3209 Cyrillo

305 3246 446 3309 omnium
468 3244 603 3307 Petrum
626 3241 798 3326 signaculo
819 3243 986 3326 pepercit,
1014 3261 1076 3306 nec
1097 3240 1188 3321 aliis,
1217 3258 1357 3321 quorum
1377 3257 1443 3301 no-

302 3357 389 3419 mina
411 3354 466 3419 vel
489 3355 640 3439 expressi
661 3353 717 3419 vel
739 3354 899 3419 subticui:
921 3332 1241 3434 sedomuespuriter
1256 3346 1443 3433 repudiavit

303 3467 498 3551 reJ'ecitque,
520 3464 651 3549 quaudo
674 3467 833 3531 asseruit:
855 3464 1001 3548 „Usque
1023 3463 1067 3528 ad
1088 3462 1281 3527 Nestorium
1303 3458 1384 3545 duas
1406 3461 1440 3523 in
1552 3505 1558 3515 .

303 3574 436 3642 Christo
463 3585 595 3642 neturus
625 3597 646 3641 a
672 3578 793 3643 sanctis
816 3576 970 3640 Patribus
999 3573 1208 3659 praedicatas
1239 3592 1332 3655 esse3
1364 3579 1442 3657 post

178 3754 185 3767 ,
301 3685 491 3752 Nestorium
501 3706 581 3752 vero
594 3685 760 3752 Christum
778 3689 812 3751 in
830 3706 927 3751 unam
944 3695 1094 3752 naturam
1110 3679 1285 3749 conflatum
1305 3682 1441 3746 fuisse“.

217 3786 224 3801 ⁸
302 3798 377 3879 Quo
399 3799 447 3882 fit,
469 3798 688 3864 utlunatious
705 3797 850 3863 Severus
871 3796 968 3862 lunae
984 3794 1203 3861 vicissitudini
1221 3802 1256 3859 et
1266 3794 1440 3858 variationi

371 4204 393 4270 ¹)
412 4205 463 4255 col.
483 4205 532 4255 loe
549 4204 582 4253 D.
931 4200 954 4266 ²)
973 4216 1032 4267 cup.
1052 4202 1093 4251 21.
1112 4200 1163 4251 ool.
1185 4200 1244 4253 279.
1304 4222 1308 4228 ·

370 4299 393 4367 ⁸)
412 4313 471 4363 cap.
492 4302 515 4350 l.
534 4298 585 4349 eol.
606 4300 664 4349 114.
934 4293 957 4361 ⁴)
975 4290 1003 4347 τὸ
1021 4302 1065 4346 τοῦ
1083 4302 1186 4367 χριστοῦ
1205 4291 1296 4367 κλῆμα.

371 4391 393 4459 ⁵)
411 4387 443 4457 „i
466 4410 501 4462 τῳ
527 4388 610 4463 οἰκείῳ
635 4386 719 4465 αἵματι
743 4398 787 4443 τοῦ
816 4385 952 4463 μαρτυρίου
980 4386 1112 4462 ἐρρραρως
1139 4384 1238 4461 γράψας
1264 4388 1371 4460 Χριστοῦ
1397 4384 1441 4443 τὰς

301 4484 411 4562 ρόσεος“.
437 4487 516 4538 Facit
527 4486 554 4539 S.
564 4487 748 4554 Augustinum
759 4491 919 4552 martyrum.
949 4484 1034 4552 (Nutu
1052 4482 1089 4534 nd
1104 4483 1177 4535 huuc
1194 4483 1285 4535 locum
1303 4481 1355 4533 col.
1369 4478 1441 4546 114.)
