3225 5217
1270 521 1313 585 45

172 713 235 759 suc
255 697 430 760 commenti
451 705 543 777 sunt3
565 693 841 781 quemadmodum
859 699 893 762 in
912 695 1124 782 sequentibus
1138 697 1160 778 ¹)
1183 704 1218 761 et
1235 691 1315 758 aiibi

171 806 248 871 fuse
270 805 597 873 demonstravimus“.

258 920 353 986 Haec
379 943 506 988 summa
534 932 586 988 est
616 926 718 988 totins
751 923 849 1009 bajus
882 921 960 987 iidei
994 925 1228 1008 expositionis,
1262 923 1315 986 cui

173 1024 334 1118 aptiorem
355 1035 433 1098 aiibi
455 1035 563 1099 iocum
584 1057 649 1099 non
666 1035 774 1100 video.
800 1035 886 1098 Nam
908 1055 994 1118 quae
1016 1041 1207 1118 sequuntur,
1230 1034 1314 1098 hanc

172 1143 216 1208 (ie
237 1145 368 1211 duabm
387 1149 421 1210 in
440 1146 574 1212 Christo
594 1147 819 1214 voluntatibus
841 1155 941 1230 atque
964 1145 1209 1231 operationibus
1231 1143 1315 1210 ‹iou-

172 1259 290 1322 trinam
316 1260 422 1344 magia
450 1257 610 1324 indirecta
641 1259 841 1344 respiciunt,
875 1261 907 1321 iu
941 1263 1098 1341 quantum
1127 1259 1314 1322 necessario
1399 1322 1401 1332 .

173 1367 341 1433 derivatur
368 1389 413 1433 ex
445 1368 575 1434 duabus
606 1373 640 1434 in
668 1369 801 1435 Christo
834 1371 976 1450 nataris,
1011 1387 1094 1452 quas
1126 1370 1314 1452 potissimas

172 1479 368 1546 Artemius
389 1480 552 1563 vindicta,
583 1484 698 1567 pauens
719 1479 925 1546 solummodo
948 1478 1069 1562 loeia')
1092 1479 1248 1544 lectorem
1271 1476 1314 1544 (ia

173 1591 300 1659 duabus
311 1594 344 1657 in
352 1591 717 1658 Obrisiovoluatatibus
729 1589 830 1677 atque
842 1591 1087 1678 operationibus
1096 1609 1314 1656 commonens.

173 1701 218 1766 Iis
242 1724 323 1789 ergo
344 1707 496 1769 assentiri
517 1724 583 1769 uon
604 1725 758 1790 possum,
780 1718 831 1769 ‘ue
853 1703 964 1788 quoad
985 1701 1047 1768 hos
1070 1701 1201 1787 quidem
1223 1709 1315 1766 trac·

172 1822 262 1879 tatas
284 1835 356 1900 cap.
379 1815 404 1880 l.
426 1818 579 1899 insertos,
601 1818 658 1900 qui
680 1815 770 1880 istud
788 1813 929 1900 Hodeg'r
945 1835 1028 1900 opus
1049 1823 1169 1879 vocant
1190 1811 1315 1878 coiieo·

172 1935 304 1991 mcum
318 1928 671 2012 perturbatom‚'nuiio
686 1929 818 2013 penitus
828 1925 946 1993 'ordine
965 1928 1191 2011 compositum,
1213 1934 1314 2011 atque

172 2034 371 2122 farraginem
394 2043 505 2124 potius
526 2039 735 2105 inconditam.
764 2036 767 2039 ’

259 2149 322 2232 Ae,
351 2150 464 2236 objicit
483 2152 563 2216 mibi
585 2151 772 2236 θανοῦς’),
804 2171 912 2218 nonne
935 2149 1050 2217 auctor
1071 2154 1143 2238 ipse
1172 2157 1315 2216 testatur

175 2264 209 2325 in
230 2265 400 2347 prooemio
414 2262 442 2345 ⁴)
463 2264 559 2348 bajas
583 2268 712 2349 operis:
742 2264 858 2330 iibrunr
888 2265 976 2329 nullo
998 2264 1113 2354 ordine
1136 2283 1211 2329 esse
1233 2281 1315 2326 con-

174 2368 356 2459 scriptum?
399 2373 600 2460 Respondeo
621 2385 789 2442 auctorem
810 2376 846 2440 id
869 2375 1002 2460 quidem
1022 2395 1088 2441 non
1110 2375 1231 2457 dicere,
1254 2373 1315 2438 sed

178 2486 295 2569 solam,
319 2505 403 2572 opus
424 2504 543 2550 noneo
557 2485 673 2552 ordine
694 2495 795 2571 atquc
817 2487 978 2552 industria
999 2507 1074 2553 esse
1096 2489 1315 2572 conscriptum

175 2605 276 2681 atque
309 2598 511 2683 expolitam,
553 2617 652 2683 quam
684 2618 739 2664 res
770 2599 941 2684 postulare
973 2599 1142 2664 videretur
1175 2606 1210 2663 et
1242 2600 1315 2683 ipss

174 2704 308 2793 quidem
331 2717 477 2795 optaret,
500 2731 574 2774 cam
592 2718 703 2775 umen
724 2709 950 2797 aegritudines
971 2709 1164 2795 frequentes
1185 2708 1220 2774 id
1242 2710 1314 2774 iieri

172 2839 237 2885 non
271 2824 426 2887 sinerent
480 2819 558 2907 Ipse
591 2843 664 2888 eum
685 2821 814 2888 ‘audias
845 2822 963 2905 goiim,
1000 2823 1162 2888 benevole
1194 2819 1313 2886 lectori

176 2921 365 3019 „Rogamu's
387 2935 451 3016 ait,
479 2934 623 3000 lectores
651 2936 747 3021 bajas
769 2935 860 3018 iibri,
893 2943 931 2999 ut
958 2934 1053 2999 nobis
1075 2937 1247 3019 ignoscant
1271 2915 1314 2998 ob

172 3047 282 3109 varias
293 3048 515 3111 correctiones
531 3047 653 3131 passim
675 3044 840 3111 adhibitas
856 3055 890 3111 et
907 3055 1044 3131 propter
1059 3046 1261 3131 tautologiae
1271 3045 1313 3128 ⁵):

173 3175 249 3220 nam
270 3156 458 3240 frequentia
479 3157 720 3243 aegritudinum
741 3167 926 3223 nostrarum
948 3179 1014 3222 non
1041 3157 1187 3238 iurabat,
1215 3165 1253 3221 ut
1280 3158 1315 3220 in

173 3263 225 3330 iris
254 3287 316 3352 pro
338 3269 436 3332 animi
465 3272 569 3334 nostri
598 3272 762 3335 sententia
782 3289 999 3336 versaremur.
1042 3269 1109 3334 Par
1138 3269 1222 3334 enim
1253 3277 1314 3349 est,

173 3384 211 3440 ut
238 3379 295 3463 qui
324 3378 510 3465 hujusmodi
532 3379 738 3446 Christianae
764 3381 933 3468 religionis
965 3379 1173 3467 dogmatibus
1203 3379 1314 3466 expli-

245 3754 272 3823 ¹)
286 3754 342 3807 vid.
361 3771 422 3824 cap.
442 3757 483 3806 14.
502 3755 555 3808 coi.
574 3757 640 3823 261,
659 3757 724 3821 iat,
744 3757 802 3808 256.

243 3849 316 3917 ¹)ut
334 3867 394 3916 cap.
415 3853 456 3902 14.
475 3851 527 3902 coi.
546 3852 597 3904 248
614 3849 653 3919 B,
679 3851 784 3917 111ος
809 3867 869 3919 cap.
889 3853 930 3904 lo.
950 3853 1001 3905 col.
1021 3853 1071 3906 ibi
1089 3851 1174 3920 AB&
1200 3870 1259 3922 cap.
1277 3851 1314 3907 11.

174 3944 202 3996 in
220 3943 422 3997 definitionibus
441 3945 514 4014 (col.
534 3946 568 3998 bb
584 3943 641 4013 C),
668 3947 716 3998 ubi
739 3950 797 4013 agit
821 3945 855 3999 ds
880 3951 1052 4014 operatione,
1078 3949 1147 4002 haec
1171 3949 1314 4015 interjicit:

175 4039 344 4106 „Propterea
360 4040 424 4092 duaa
442 4042 469 4092 ia
488 4041 589 4094 Uiriato
609 4043 736 4093 minim
759 4041 895 4094 noluntates
919 4052 942 4094 et
965 4045 1132 4108 operationes,
1158 4061 1192 4096 ne
1216 4061 1315 4111 corpus

174 4135 292 4213 iuamim
309 4140 338 4186 et
356 4139 473 4188 animam
489 4139 602 4189 rationis
621 4142 762 4203 expertem
782 4140 811 4188 in
829 4137 876 4189 ilio
894 4117 1100 4190 constituamus.
1123 4140 1192 4191 Nam
1204 4143 1317 4193 animati

175 4233 297 4295 corporis
310 4233 433 4297 operatio
452 4236 495 4282 est
512 4231 652 4284 ambulare
670 4237 699 4283 et
714 4233 848 4284 laborare.
873 4231 911 4283 At
922 4235 1027 4284 animae
1038 4235 1179 4286 rationalis
1191 4238 1315 4302 operatio

175 4330 220 4376 est
235 4328 310 4376 actio
326 4326 374 4376 ilia
391 4325 503 4377 roisneii
519 4331 549 4378 et
565 4327 745 4378 ratiocinandi
762 4331 791 4378 ct
809 4325 1005 4378 conministri.

244 4419 269 4486 ⁸)
287 4417 362 4472 ΟΜ
379 4433 407 4486 P·
425 4419 486 4472 84⁶·
797 4420 821 4487 ⁴)
840 4421 891 4472 coi.
911 4421 953 4473 bb.

244 4513 268 4580 ⁸)
289 4510 350 4579 „iai
367 4521 422 4572 ταῖς
438 4510 564 4572 πλείσταις
581 4511 607 4566 ἐν
625 4522 690 4590 aits]
708 4511 855 4588 baptisatur
872 4512 888 4592 ἦ
907 4512 1104 4590 ταυτολογίαιςέ*

1369 4091 1387 4145 l
