3225 5217
1281 457 1344 522 135

204 655 270 718 que
299 632 416 698 ducem
444 631 613 698 Manetem
631 633 671 717 ¹),
707 632 856 718 „quibus
878 634 984 697 visum
1015 641 1121 715 esset,
1152 632 1344 723 mendacem

205 765 279 810 esse
302 745 425 826 Deum,
456 747 513 828 qui
540 744 669 810 locutus
699 754 757 835 est,
777 753 875 810 vetus
896 744 1182 810 Testamentum“.
1226 744 1346 809 Refert

172 896 174 900 .
205 857 418 922 Manichaeos
448 859 688 939 „existimasse
722 856 804 922 duas
839 877 915 922 esse
948 860 1128 922 contrarias
1161 865 1344 942 potestates

204 968 398 1062 divinitatis,
434 977 620 1054 serpentem
652 978 693 1034 ee
707 968 885 1054 Opificem,
919 975 1009 1053 quae
1032 973 1067 1032 in
1095 973 1166 1035 acie
1195 971 1280 1034 inter
1307 989 1344 1034 se
1383 993 1391 999 ’

204 1080 404 1146 decertarint
425 1083 459 1144 in
480 1080 653 1166 paradiso:
676 1094 710 1144 et
731 1081 853 1146 bonum
876 1081 1008 1165 quidem
1022 1082 1130 1146 Deum
1153 1101 1226 1146 esse
1248 1101 1345 1145 crea-

203 1199 309 1256 torem
332 1193 469 1274 animae,
493 1193 550 1275 qui
572 1200 624 1260 est
646 1193 743 1256 etiarn
764 1192 862 1256 homo
877 1191 921 1256 ad
932 1193 996 1256 Dei
1011 1194 1202 1277 imaginem,
1224 1191 1345 1255 malum

203 1312 313 1369 eutem
336 1302 433 1368 deum
456 1323 530 1368 esse
553 1303 744 1369 effectorem
775 1306 939 1388 corporis,
972 1304 1063 1387 quod
1095 1304 1218 1368 bellum
1250 1311 1346 1388 gerat

203 1413 364 1479 adversus
386 1413 593 1504 animam“‘²).
637 1415 801 1480 Memorat
824 1414 996 1497 „haeresin
1018 1414 1259 1478 Encratitarum
1281 1414 1344 1479 ab·

203 1529 358 1610 stinuisse
378 1546 400 1589 a
420 1529 542 1614 nuptiis
565 1535 600 1592 et
621 1527 773 1606 muliere,
804 1535 961 1610 tanquam
989 1547 1010 1590 a
1031 1547 1068 1591 re
1090 1525 1177 1591 mala
1198 1535 1233 1591 et
1260 1528 1345 1591 insi-

203 1638 313 1720 diosa;
347 1637 496 1702 similiter
525 1641 623 1702 etiam
654 1638 696 1702 ab
726 1638 879 1702 arborum
912 1637 1092 1719 fructibus,
1124 1645 1162 1702 ut
1189 1641 1246 1721 qui
1277 1639 1345 1703 siut

203 1751 332 1834 peccati
352 1749 546 1832 efficientes,
568 1757 706 1834 propt'er
717 1748 879 1830 arborem,
901 1770 987 1833 quae
1009 1748 1129 1814 dieitur
1149 1748 1344 1814 inobedien-

203 1863 287 1926 tiae“
305 1859 343 1944 ⁸).
388 1859 511 1926 Scribit
539 1859 741 1943 „Hebraeos
765 1881 807 1924 ex
831 1860 931 1944 libro,
953 1863 1096 1944 quinon
1118 1869 1175 1945 est,
1189 1860 1344 1925 redactus

201 1973 235 2036 in
247 1969 424 2054 Cononem,
448 1970 651 2056 quiquidem
667 1972 787 2038 dicitur
800 1979 1031 2038 testamentum
1052 1972 1341 2058 protoplastorum,

203 2082 313 2154 dicere
325 2083 578 2168 quadragesima
590 2082 643 2147 die
663 2085 847 2168 ingressum
865 2105 940 2148 esse
950 2083 1060 2147 Adam
1081 2087 1115 2148 in
1136 2083 1341 2168 paradisum,

201 2196 287 2260 sicut
301 2196 399 2260 etiam
411 2195 563 2260 videatur
582 2193 711 2260 cuidam
729 2195 887 2262 historico
906 2194 1157 2281 chronographo
1166 2192 1342 2278 Pyrrhoni,

202 2315 236 2374 et
258 2307 453 2391 quibusdam
477 2306 744 2392 expositoribus“
759 2305 796 2390 ⁴).

286 2417 506 2502 Expositcrea
529 2425 638 2482 eutem
649 2415 876 2482 Ecclesiarum
892 2425 1025 2482 veteres
1046 2415 1160 2482 laudat
1170 2417 1343 2482 Philonem

200 2529 432 2614 philosophum
444 2537 477 2594 et
487 2537 636 2614 tempore
648 2530 821 2614 aequalem
829 2530 1012 2616 Apostolis,
1024 2532 1162 2616 Papiam
1179 2529 1343 2594 celebrem

201 2649 234 2708 et
244 2639 383 2706 «loannis
399 2640 633 2726 Evangelistae
656 2640 861 2726 discipulum,
883 2641 1055 2717 Irenaeum
1074 2641 1340 2728 Lugdunensem,

200 2751 366 2818 Justinum
395 2761 572 2836 martyrem
602 2761 635 2816 et
664 2751 917 2838 philosophum,
950 2754 1157 2818 Pantaenum
1187 2737 1342 2818 Alexan·-

201 2863 326 2928 drinum
343 2872 376 2928 et
391 2862 593 2928 Clementem
606 2863 826 2930 Stromateum
844 2884 1022 2947 eorumque
1044 2864 1199 2948 asseclas,
1221 2867 1279 2949 qui
1300 2885 1342 2929 ea

186 2995 285 3066 ¹quae
308 2976 431 3059 scripta
452 2983 527 3038 sunt
551 2974 593 3039 de
612 2975 786 3060 paradiso,
808 2975 1022 3060 spiritualiter
1038 2977 1282 3042 intellexissent
1298 2973 1341 3039 de

201 3085 323 3154 Christi
352 3085 522 3167 Ecclesia,
556 3107 599 3152 ex
630 3086 748 3170 quibus
785 3089 883 3152 etiam
913 3086 997 3152 duos
1026 3086 1100 3150 illos
1128 3089 1161 3150 in
1190 3086 1339 3152 omnibus

198 3198 299 3263 rebus
322 3197 530 3262 doctissimos
554 3195 772 3284 Cappadoces
797 3196 979 3284 Gregorios
1001 3199 1104 3288 fuisse
1119 3196 1152 3280 ⁶).
1192 3198 1254 3262 His
1277 3197 1341 3261 ad-

201 3309 249 3373 dit
270 3309 437 3392 „divinum
458 3312 492 3372 in
515 3309 910 3377 omnibusAmbrosium“
924 3307 959 3392 ⁶).
992 3309 1207 3374 Recentiores
1229 3318 1340 3384 autem

201 3421 319 3488 Patres
342 3420 489 3487 celebrat
510 3420 683 3502 Basiliam,
707 3429 742 3486 et
762 3419 886 3486 Christi
907 3421 1040 3485 fluvium
1053 3421 1216 3486 Joannem
1228 3419 1340 3504 Chry-

199 3541 398 3614 sostomum,
421 3541 455 3598 et
476 3531 686 3598 Theodorum
709 3532 952 3599 Antiochenam
970 3530 1014 3618 ⁷),
1038 3541 1072 3597 et
1088 3531 1249 3598 Severum
1264 3530 1337 3596 Ga-

198 3643 370 3726 baleoten,
395 3653 428 3708 et
450 3643 631 3709 Eusebium
653 3643 871 3727 Emesenum,
891 3654 925 3710 et
946 3645 1057 3710 verbis
1080 3653 1114 3709 et
1135 3644 1234 3708 factis
1255 3643 1339 3708 bea-

199 3758 361 3820 tissimum
390 3755 481 3820 illum
511 3755 750 3842 Epiphaniam,
781 3764 815 3821 et
842 3757 908 3821 Dei
935 3754 1146 3841 interpretem
1170 3753 1340 3838 Cyrillnm,

201 3876 235 3932 et
268 3864 501 3952 Theophilum,
549 3869 605 3952 qui
641 3889 753 3933 omnes
783 3867 963 3934 secundum
990 3868 1132 3933 litteram
1162 3889 1220 3949 ea,
1254 3887 1340 3951 quae

241 4177 293 4248 ,¹)
313 4178 364 4228 001.
383 4179 432 4228 ee1
451 4176 485 4228 A.
555 4175 578 4242 ²)
598 4177 649 4229 001.
669 4178 735 4229 roas
753 4177 784 4227 a.
854 4175 960 4244 auu.
980 4174 1009 4227 c.
1078 4175 1101 4243 ⁴)
1117 4157 1172 4228 ‘eoa
1191 4179 1241 4229 aer
1259 4177 1292 4226 n.

270 4270 293 4338 ⁸)
313 4272 363 4324 ool.
383 4273 432 4324 961
452 4275 480 4322 et
497 4272 555 4323 962.
815 4270 838 4338 ⁰)
857 4273 908 4323 col.
928 4273 978 4324 666
995 4271 1027 4321 Β.

270 4365 292 4433 ⁷)
311 4362 463 4438 „Octimpav
481 4361 523 4416 τὸν
541 4360 646 4417 ἐλεεινὸν
665 4361 742 4424 ὄντως
758 4363 917 4438 Ἀντιοχέα“.
952 4366 1066 4418 Latinus
1083 4371 1234 4434 interpres:
1253 4382 1340 4435 „vere

200 4459 387 4513 mirabilem“t
406 4461 522 4512 forsitan
540 4461 610 4528 preli
627 4463 695 4514 vitto
713 4477 777 4528 pro:
797 4461 1022 4530 „miserabilem“.
