3225 5217
201 506 347 571 -32

390 678 540 765 Reliquis
552 682 694 768 denique
714 685 863 750 omnihus
875 686 1038 771 capitibus
1052 684 1248 751 catholicam
1261 685 1304 750 dc
1316 685 1442 750 duabus

304 794 336 855 in
359 790 491 859 Christo
513 798 637 860 naturis
660 796 841 861 doctrinam
863 798 1057 862 firmissimis
1078 800 1280 883 argumentis
1308 806 1378 861 tum
1400 818 1445 861 ex

304 924 399 968 sacra
421 902 612 991 Scriptura,
647 916 714 971 tum
746 926 794 973 ex·
813 912 894 994 ipsis
924 910 1023 975 rebus
1051 911 1165 995 petitis
1193 917 1382 994 propugnat
1411 916 1446 973 et

304 1015 543 1081 haereticorum
576 1019 780 1105 objectiones
812 1021 980 1100 dissolvit,
1024 1024 1206 1085 orationem
1243 1041 1364 1106 magna
1398 1040 1443 1083 cx

303 1132 538 1212 parte,·siout
570 1139 604 1195 ot
636 1133 668 1195 in
701 1134 845 1217 praeviis
859 1155 863 1162 ⁴
876 1132 1056 1216 capitibus,
1083 1153 1145 1216 per
1164 1132 1298 1195 modurn
1320 1129 1444 1215 dialogi

305 1248 517 1305 contexens·
676 1240 680 1246 ⁴
1273 1222 1278 1231 ⁸

390 1350 598 1437 Objioiebant
612 1361 721 1417 autem
733 1354 891 1419 haeretici
909 1357 1066 1439 imprimis
1083 1356 1270 1420 testimonia
1282 1354 1444 1438 quaedam

304 1462 521 1547 sapatum,
545 1486 589 1529 ex
612 1466 731 1549 quibus
752 1466 834 1529 illud
856 1466 925 1530 divi
936 1465 1091 1552 Gregorii
1112 1466 1273 1551 Nysscni:
1295 1467 1444 1549 „Quem-

303 1575 479 1640 admodum
503 1579 587 1641 aceti
609 1584 703 1661 gutta
724 1572 757 1642 in
780 1598 870 1643 mare
891 1559 1040 1663 projecto
1059 1599 1127 1643 non
1154 1581 1274 1643 retinet
1304 1578 1443 1662 amplius

305 1691 391 1755 aceti
413 1692 650 1773 proprietates,
681 1690 741 1755 sed
762 1698 998 1755 transmutatur
1025 1690 1197 1773 induitque
1224 1692 1443 1775 proprietates

303 1818 427 1883 aquae3
470 1803 517 1865 sic
554 1809 588 1865 et
628 1804 867 1867 sanctissimum
900 1802 981 1866 illud
1013 1822 1134 1887 corpus
1167 1821 1241 1866 cum
1273 1801 1444 1864 divinitate

263 1893 266 1901 ¹
305 1913 508 1975 commistum
530 1930 596 1976 non
625 1913 727 1978 habet
755 1913 895 1999 amplius
924 1917 1146 1999 proprietates
1167 1914 1304 1979 oarnis“
1321 1912 1354 1996 ¹).
1398 1910 1444 1974 Et

303 2020 972 2110 illudDionysiiAreopagitae:„Omnium
980 2017 1453 2090 mirabiliummiriticissimum'

306 2142 371 2217 est,
395 2134 561 2201 Christum
583 2138 616 2198 in
638 2135 708 2217 his,
732 2156 817 2219 quac
838 2137 933 2201 nobis
955 2145 1031 2203 suut
1052 2136 1233 2216 naturalia,
1260 2155 1360 2219 supra
1381 2132 1447 2199 na-“

303 2254 409 2311 turam
428 2248 551 2330 fuisse;
585 2250 674 2311 etin
696 2247 762 2330 his,
791 2268 877 2332 quae
907 2257 984 2313 sunt
1010 2248 1190 2314 secundum
1216 2246 1442 2325 substantiam,

301 2378 402 2442 supra
434 2358 667 2441 substantiam,
700 2362 747 2423 ita
778 2369 816 2425 ut
844 2362 878 2423 in
905 2359 1055 2425 omnihus
1083 2362 1205 2423 nostris
1231 2366 1266 2423 et
1288 2378 1374 2441 quae
1396 2378 1440 2421 ex

301 2469 423 2534 nostris
433 2477 617 2555 acceperat,
630 2491 729 2554 supra
741 2492 800 2535 nos
813 2471 1015 2537 excelleret“
1024 2469 1068 2553 ²);
1087 2478 1121 2535 et
1131 2470 1226 2535 alibi:
1249 2468 1440 2552 „Christum

274 2618 281 2637 ·
301 2602 366 2647 non
384 2580 563 2647 secundnm
586 2582 750 2647 hominem
769 2584 916 2647 actiones
932 2581 1092 2647 humanas
1109 2590 1145 2647 et
1161 2580 1327 2645 naturales
1339 2600 1441 2645 exer-

302 2693 426 2776 cuissc3
460 2690 521 2757 sod
551 2714 653 2779 supra
673 2694 836 2759 hominem
859 2697 968 2759 omnia
988 2695 1130 2759 humana
1152 2691 1341 2781 egisse“⁸).
1383 2690 1441 2755 Ad

301 2824 388 2887 quae
409 2800 604 2869 Anastasius
628 2813 755 2871 noster:
784 2852 802 2887 „
811 2805 968 2888 Noverit,
996 2808 1121 2889 inquit,
1151 2805 1250 2870 homo
1270 2806 1441 2890 imperitus

301 2915 448 2980 sirudis
470 2919 647 3000 sectarius,
682 2925 813 2983 sanctos
836 2919 956 2984 Patres
977 2938 1042 2982 non
1072 2918 1190 2983 eodem
1216 2938 1335 2997 sensu,
1372 2936 1438 2999 quo

301 3028 373 3111 ipse
395 3026 491 3109 solet,
515 3028 701 3113 hujusmodi
722 3029 878 3113 loquendi
888 3030 1046 3095 formulas
1061 3049 1249 3114 usurpasse,
1270 3026 1329 3091 sed
1342 3027 1441 3109 longe

301 3136 514 3221 diverso“⁴).
559 3138 700 3221 „Sancti
724 3142 810 3204 enim
831 3141 951 3205 Patres
972 3144 1027 3225 pie
1050 3148 1084 3204 et
1106 3138 1292 3203 orthodoxe
1314 3135 1439 3201 Christi

301 3268 421 3332 corpus
442 3248 508 3314 illis
529 3251 787 3335 proprietatibus
811 3272 924 3315 carere
944 3250 1093 3332 tradunt,
1126 3269 1211 3333 quae
1234 3270 1279 3313 ex
1300 3255 1439 3332 peccato

302 3362 499 3449 astiterunt,
522 3376 597 3426 ‘non
627 3362 708 3445 illis,
742 3384 826 3446 quas
858 3364 950 3427 initio
973 3364 1149 3427 creationis
1170 3368 1248 3425 aute
1269 3366 1441 3444 peccatum

301 3470 416 3553 hahuit
437 3470 585 3537 Adamas
613 3494 633 3537 a
655 3474 729 3539 Deo
757 3473 917 3539 conditus.
960 3472 1017 3539 Sic
1044 3475 1195 3537 nimirum
1222 3470 1283 3538 SS.
1305 3472 1442 3535 Patrem

305 3580 394 3647 diota
415 3584 520 3668 accipi
542 3584 674 3649 debent
719 3585 885 3665 Quantum
914 3586 1014 3671 igitur
1036 3584 1109 3649 fieri
1141 3591 1273 3668 poterat
1303 3590 1338 3646 et
1365 3600 1442 3644 cor·

301 3694 393 3777 poris
424 3702 541 3759 natura
572 3696 726 3779 ferebat,
765 3704 923 3760 mutatum
957 3704 1009 3761 est
1042 3716 1086 3760 cx
1120 3696 1330 3779 hypostatica
1368 3686 1466 3754 cum'

302 3802 473 3871 divinitate
505 3808 647 3889 unione,
696 3816 733 3872 ut
772 3810 931 3872 unitatem
964 3827 1127 3892 personae
1159 3806 1358 3870 disceremus
1408 3803 1443 3865 in

302 3916 506 3998 quorundam
518 3940 598 3983 vero
621 3921 879 3984 communionem
901 3940 968 3983 non
989 3926 1041 3983 est
1062 3917 1252 3999 admissum,
1273 3924 1311 3979 ut
1327 3914 1443 3979 diver-

301 4030 432 4093 sitatem
454 4038 590 4095 naturae
611 4029 688 4095 inde
718 4050 999 4116 cognosceremus.
1044 4029 1257 4113 Quapropter
1285 4027 1363 4092 licet
1389 4027 1443 4088 in-

328 4462 330 4467 ,
372 4404 394 4471 ¹)
413 4420 473 4471 cap.
491 4406 568 4458 XIII.
588 4407 639 4458 ool.
659 4409 709 4458 210
727 4406 757 4459 0.
914 4405 936 4472 ²)
956 4422 1015 4473 cap.
1033 4406 1111 4459 XIII.
1130 4408 1182 4458 col.
1202 4372 1253 4457 art
1269 4406 1303 4458 Ι).

371 4499 394 4566 ⁸)
414 4501 465 4551 ool.
485 4502 536 4552 215
555 4501 588 4552 A.
918 4500 941 4566 ⁴)
960 4502 1011 4552 ool.
1031 4504 1080 4553 211
1098 4502 1129 4553 B.
