3225 5217
1250 573 1312 636 163

171 745 335 810 hominem
357 745 580 810 orthodoxum
603 754 636 809 ct
658 741 844 832 Cajanitam
861 744 887 826 ¹)
909 742 1134 808 Alexandriae
1155 741 1312 826 habitam,

173 877 270 942 qnam
291 857 363 922 vult
386 861 484 922 etiam
506 858 563 921 alii
584 859 770 939 imitentur,
792 857 856 920 hoc
877 855 976 920 modo
990 852 1032 937 ²):

260 968 465 1036 Orttomaeos.
501 970 588 1034 Num
610 963 664 1035 res
686 969 752 1034 fide
775 969 940 1053 digniores
963 976 1048 1050 sunt,
1072 988 1170 1053 quam
1186 967 1312 1033 verba?

171 1103 212 1146 an
234 1082 337 1147 verba
358 1081 501 1146 firmiora
521 1081 649 1146 rebus?

259 1194 416 1279 Gajom'to.
447 1195 677 1277 Manifestum,
700 1193 858 1276 arbitror,
881 1214 935 1258 rcs
956 1191 1024 1258 fide
1048 1190 1215 1279 digniores
1238 1213 1312 1259 esse
1329 1239 1343 1262 ι

172 1306 293 1372 ποτοῖο.

260 1415 465 1484 Ortbodoccs.
509 1417 616 1482 Recte
644 1417 845 1504 respondisti
873 1416 1053 1483 secundum
1083 1416 1193 1503 legem
1222 1419 1313 1482 veri-

170 1532 248 1596 tatis
272 1537 305 1611 et
326 1533 467 1616 pietatis.
512 1528 581 1596 Sed
610 1529 663 1594 dic
688 1531 784 1612 mihi,
818 1531 975 1612 obsecro,
1008 1533 1051 1610 si,
1084 1537 1121 1593 ut
1149 1529 1313 1611 divinitaS,

170 1645 217 1706 ita
246 1649 280 1707 et
301 1663 420 1728 corpus
443 1641 566 1707 Christi
593 1641 635 1706 ab
665 1644 738 1726 ipso
769 1663 915 1708 summae
943 1645 1072 1706 unionis
1103 1639 1242 1706 exordio
1271 1642 1313 1706 ab

172 1757 260 1818 omni
280 1756 407 1818 ratione
429 1743 705 1818 immortalitatem
735 1753 854 1836 habet,
886 1754 969 1818 hacc
991 1755 1173 1818 communio
1201 1775 1314 1819 sacra-

171 1851 289 1930 tissimi
310 1869 457 1950 corporis
480 1873 513 1930 ct
535 1867 704 1951 sanguinis
728 1864 870 1948 Christi,
902 1887 1000 1949 quam
1024 1866 1124 1930 offers
1154 1873 1187 1929 ct
1207 1867 1314 1950 parti-

172 1980 278 2062 cipas,
301 1997 423 2042 verene
446 1986 497 2042 est
518 1999 632 2042 verum
654 1999 773 2062 corpus
796 1986 832 2042 ct
853 1980 987 2064 sanguis
1006 1977 1129 2042 Christi
1145 1977 1223 2040 Filii
1239 1978 1314 2059 Dei,

172 2111 213 2154 an
234 2087 341 2154 nudus
363 2091 476 2174 panis,
511 2091 617 2175 qualis
642 2093 785 2155 ostiatim
814 2090 984 2172 venditur,
1011 2089 1066 2154 vel
1093 2091 1200 2154 vicem
1229 2087 1315 2152 dun-

170 2209 266 2266 taxat
289 2209 322 2266 et
342 2199 480 2286 figuram
503 2205 589 2288 gerit
611 2203 758 2287 corporis
782 2200 923 2285 Christi,
946 2210 983 2266 ut
1005 2202 1200 2266 sacrificium
1222 2201 1314 2284 hirci,

174 2311 264 2396 quod
286 2311 407 2378 Judaei
430 2312 597 2377 offerunt?
611 2312 637 2396 ³)
1087 2292 1091 2298 ⁵
1224 2386 1230 2393 k

264 2423 419 2508 Gojootto.
464 2424 580 2506 Absit,
620 2433 658 2488 ut
695 2426 860 2508 dicamus,
896 2446 1024 2490 sacram
1059 2419 1317 2490 communionem
1370 2489 1377 2496 ,

173 2537 312 2622 figuram
342 2557 415 2602 esse
445 2543 571 2600 tantum
606 2539 752 2622 corporis
775 2535 917 2620 Christi,
952 2545 1009 2601 aut
1037 2536 1159 2600 nudum
1188 2557 1317 2621 panem,
1368 2542 1370 2546 ’

174 2647 234 2711 sed
262 2651 370 2733 ipsum
392 2669 510 2734 corpus
542 2657 575 2714 ct
606 2651 798 2734 sanguinem
821 2649 945 2714 Christi
966 2649 1043 2712 Filii
1065 2649 1129 2712 Dei
1160 2649 1319 2711 incarnati

175 2767 207 2824 et
241 2781 284 2825 ex
317 2764 521 2826 sanctissima
544 2762 689 2846 Dcipara
722 2769 755 2825 et
788 2782 919 2846 sempor
941 2760 1079 2847 Virgine
1107 2759 1214 2824 Maria
1249 2760 1318 2823 nati

173 2893 254 2936 vere
275 2875 451 2957 accipimus
465 2870 501 2956 ⁴).
746 2940 753 2954 ,
1386 2851 1391 2864 ⁸

263 2982 469 3047 orthodoxus.
502 2981 557 3050 Sic
573 2985 735 3050 credimus
753 2993 786 3050 et
805 2989 853 3050 sic
868 2986 1059 3049 confitemur
1076 2986 1175 3070 juxta
1195 2984 1317 3049 dictum

175 3096 276 3179 ipsius
299 3093 424 3159 Christi
456 3095 499 3158 ad
533 3073 711 3180 discipulos
745 3099 778 3160 in
813 3118 915 3162 coena
944 3099 1083 3180 mystica
1112 3095 1226 3161 dantis
1252 3096 1317 3160 illis

176 3207 341 3272 vivificum
357 3207 509 3292 ‘pancmz
544 3253 563 3290 „
577 3207 749 3292 Accipite,
785 3208 968 3290 comedite3
1013 3210 1076 3272 hoc
1110 3217 1161 3274 est
1195 3227 1315 3292 corpus

182 3451 284 3460 ..ι-...-

247 3620 271 3687 1)
290 3622 324 3672 cf.
344 3635 426 3686 supra
443 3637 469 3686 p.
489 3622 530 3672 28.
801 3620 823 3687 ²)
843 3622 893 3672 col.
913 3623 971 3673 297.

247 3715 270 3781 ⁸)
287 3711 351 3767 Εἰπέ
370 3733 425 3788 ροι,
444 3713 607 3788 παρακαλῶ,
633 3709 746 3788 ὀλίγον
771 3713 798 3774 ἐξ
821 3713 897 3791 αὐτῆς
915 3714 992 3789 ἄκρας
1017 3715 1128 3775 totam<
1151 3715 1319 3788 κατὰπάντα

179 3804 272 3881 τρίπον
292 3806 317 3861 ἐν
335 3805 462 3882 ἀφθαρσίᾳ
481 3807 546 3862 εἶναι
569 3807 611 3863 καί
629 3807 673 3885 τὴν
692 3807 800 3885 teir-qva
822 3807 863 3863 καί
881 3807 908 3863 τὸ
928 3824 999 3885 σῶμα
1016 3821 1061 3863 τοῦ
1080 3813 1197 3885 Χριστοῦ,
1217 3807 1281 3885 arim]
1301 3809 1317 3887 ἡ

180 3899 296 3954 κοινωνία
313 3913 357 3954 τοῦ
377 3900 498 3977 παναγίον
519 3903 632 3978 σώματος
649 3901 689 3958 καί
709 3899 812 3979 αίρατος
829 3906 951 3978 Χριστοῦξ,
969 3903 999 3982 ἣν
1017 3907 1166 3980 προσφέρεις
1183 3903 1224 3958 καί
1243 3925 1319 3978 ρετα-

179 3996 326 4068 λαρβοίνεις,
351 4009 423 4071 σῶμα
440 3993 480 4050 καί
500 3997 561 4069 αἷμα
581 3995 699 4071 ἀληθινὸν
718 3997 769 4052 ἐστι
786 4001 895 4072 Χριστοῦ
913 4009 957 4053 τοῦ
977 3997 1038 4056 Υίοῦ
1057 4009 1101 4053 τοῦ
1120 4001 1195 4066 Θεοῦ,
1213 3998 1229 4076 ἦ
1248 3997 1320 4073 ψιλὸς

181 4089 270 4164 ἄρτος,
295 4092 331 4149 τίς
354 4087 366 4143 ὁ
386 4089 585 4166 πιπρασκόμενος
606 4091 657 4144 κατ’
676 4089 759 4158 οἷκον,
783 4089 825 4146 καί
849 4091 980 4153 ἀντίτυπος
1002 4105 1047 4148 τοῦ
1072 4094 1185 4169 σώρατος
1202 4097 1320 4170 Χριστοῦ,

182 4187 218 4244 τίς
235 4183 251 4262 ἡ
271 4183 346 4238 θυσία
363 4193 408 4238 τοῦ
426 4183 533 4260 τράγου,
551 4185 582 4261 ἦν
600 4171 716 4239 ’Ῑοοδοῖοι
733 4187 912 4262 προσάγουσιν,

249 4282 278 4348 ¹⁴)
294 4277 351 4356 ”Mb
371 4279 482 4354 γένοιτο,
507 4277 573 4355 ἡμᾶς
597 4277 674 4333 εἰπεῖν
693 4279 824 4335 ἀντίτυπον
846 4291 891 4334 τοῦ
917 4281 1029 4356 σώματος
1047 4286 1153 4358 Χριστοῦ
1177 4282 1223 4360 τὴν
1247 4282 1320 4359 ἁγίαν

181 4372 309 4428 κοινωνίαν
327 4371 343 4449 ἢ
362 4371 434 4448 ψιλὸν
459 4373 548 4448 ἄρτον·
572 4373 624 4429 ἀλλ’
644 4373 703 4429 αὐτὸ
727 4374 755 4430 τὸ
778 4388 849 4450 σῶμα
870 4375 912 4430 καί
936 4377 998 4451 αίρα
1022 4377 1126 4453 ἀληθῶς
1143 4381 1252 4453 Χριστοῦ
1273 4389 1319 4432 τοῦ
1372 4361 1375 4368 ¹

181 4466 243 4523 Υίοῦ
260 4479 305 4522 τοῦ
323 4469 389 4523 Θεοῦ
410 4469 636 4544 ριτοιλαρβάνορεν,
654 4479 698 4524 τοῦ
718 4465 889 4546 σαρκωθὲντος
906 4469 948 4525 καί
966 4471 1126 4548 γεννηθέντος
1145 4473 1172 4527 ἐκ
1189 4483 1234 4551 της
1249 4471 1320 4549 ἁγίας

183 4561 307 4618 Θεοτὸκον
325 4561 366 4617 καί
384 4563 564 4639 Ἀιιπαρθὲνοο
583 4563 707 4641 Μοιρίας.“

1113 4665 1165 4716 11*
