3225 5217
293 493 374 595 1516-

290 708 463 794 plusquam
488 707 700 771 centesimum
724 725 796 770 eum
820 706 971 790 attigisse
993 711 1202 787 sequeretur,
1231 723 1331 786 quum
1358 722 1431 766 eum

293 823 458 884 etiamtum
480 826 557 903 post
584 823 701 880 anirum
725 819 796 882 700.
819 804 945 881 vixisse
974 837 1017 880 ex
1039 834 1189 881 sermone
1211 816 1309 878 tertio
1332 800 1430 896 quem

293 930 363 994 dixi
385 938 514 995 constet
526 930 560 1012 ¹).
604 928 671 995 Sed
693 927 773 992 nihil
794 927 873 992 inde.
894 931 976 992 certi
999 901 1107 991 statuis
1119 946 1225 1011 posse„
1238 923 1387 988 arbitror.

377 1043 483 1105 Porro
514 1039 722 1104 doctissimus
755 1043 806 1102 vir
833 1039 978 1103 Michael
999 1038 1189 1121 Lequienus
1222 1040 1256 1100 iu
1278 1057 1338 1100 sue
1366 1033 1430 1097 ad-

290 1155 469 1216 monitione
497 1154 530 1214 in
560 1151 731 1235 epistolam
760 1151 802 1215 de
825 1149 1060 1232 confessione,
1092 1170 1177 1234 quae
1207 1157 1318 1213 exstat
1347 1123 1433 1210 intdr

293 1287 395 1350 opera
427 1262 460 1329 S.
491 1262 627 1327 Joannis
657 1263 870 1344 Damasum,
907 1261 1053 1345 loquitur
1081 1265 1180 1326 etium
1211 1261 1253 1324 de
1285 1261 1432 1323 oratione

291 1379 401 1461 priore
422 1378 455 1438 in
470 1373 638 1438 Psalmum
656 1383 787 1459 sextum
807 1382 907 1456 atque
921 1376 1097 1452 existimat,
1123 1380 1309 1456 „auctorem
1326 1373 1434 1455 ipsum
1510 1437 1514 1443 ,

291 1487 348 1551 illo
370 1487 460 1567 loco,
490 1487 546 1550 ubi
567 1483 616 1549 de'
632 1485 791 1550 Mauricio
814 1484 1017 1569 Imperatore
1043 1485 1204 1567 loquitur,
1235 1484 1432 1568 significare,

293 1619 330 1662 ee
350 1599 384 1660 in
406 1619 446 1662 ea
467 1597 604 1682 regione
623 1599 757 1678 morari,
780 1598 953 1682 quaejam
975 1617 1040 1660 non
1057 1594 1253 1659 Christianis
1275 1594 1433 1678 principi·
1467 1667 1472 1687 ⁸
1511 1626 1518 1635 ·

292 1709 372 1786 bue,
409 1708 469 1774 sed
497 1707 778 1772 Mohammedanis
807 1709 917 1792 potius
948 1705 1211 1791 pareret,1dum
1246 1705 1298 1768 his
1325 1702 1435 1768 verbis
1549 1688 1554 1697 ¹

293 1829 419 1885 utatur:
452 1815 509 1903 ,ἐν
531 1809 582 1892 οἷς
604 1817 660 1882 καὶ
683 1815 741 1882 ἐπὶ
762 1818 823 1902 τῆς
849 1811 1008 1903 ἡμετέρας
1034 1817 1144 1904 γενεᾶς
1163 1811 1223 1880 ἐπὶ
1245 1812 1437 1904 Μαυρικίου

292 1932 440 1999 actaea
456 1931 664 2018 Χριστιανῶν
685 1927 881 2012 βασιλέως.“
903 1930 1041 1994 Frustra
1063 1931 1158 2010 enim,
1179 1929 1301 2010 inquit,
1322 1947 1437 1991 vocem

295 2043 552 2108 Christianorum
575 2043 804 2128 interjecisset‚
839 2044 903 2105 nisi
930 2040 1081 2105 infideles
1109 2037 1260 2122 adeoque
1282 2013 1451 2104 saraceni*

294 2155 500 2237 Palaestina,
521 2157 555 2217 in
578 2175 643 2237 qua
666 2155 831 2217 orationes
852 2152 1012 2235 habebat,
1040 2161 1119 2216 tuno
1139 2152 1238 2235 potiti
1261 2141 1437 2228 essent“²)

298 2266 395 2345 Quod
424 2267 552 2331 etiamsi
580 2251 667 2330 forte
689 2287 754 2330 non
782 2268 832 2329 ita
857 2268 971 2329 stricte
999 2262 1150 2327 concludi
1177 2262 1300 2346 possit,
1325 2267 1438 2323 tamen

299 2380 421 2462 optime
442 2381 475 2442 in
497 2377 709 2442 Anastasium
730 2387 877 2442 nostrum
900 2376 1049 2460 quadrat
1092 2372 1189 2453 Quod
1212 2382 1322 2436 autern
1349 2370 1437 2434 idem

298 2491 341 2552 sit
368 2497 484 2552 auctor
512 2497 546 2553 et
577 2489 749 2570 „homiliae
776 2488 873 2573 hujus
900 2489 1017 2572 prioris
1039 2489 1073 2549 in
1094 2485 1262 2550 Psalmum
1283 2484 1436 2548 sextum“

299 2607 333 2663 et
356 2603 533 2680 „orationis
551 2600 592 2666 de
610 2620 704 2664 sacre
720 2601 871 2684 synaxi“,
892 2619 958 2662 non
981 2619 1025 2662 ex
1047 2597 1119 2662 sola
1139 2597 1277 2661 nominis
1300 2580 1458 2659 consor-s

297 2712 421 2792 mitola,
439 2711 498 2774 sed
515 2719 604 2776 etex
620 2711 707 2795 stylo
721 2711 913 2775 dictionisve
925 2712 1137 2774 consonantia
1148 2709 1246 2773 discit
1255 2711 1390 2792 agnosci
1397 2705 1433 2788 8).

297 2819 381 2886 Jure
408 2825 520 2905 itaque
549 2826 646 2887 etiam
673 2823 733 2887 has
756 2821 838 2886 duas
867 2825 901 2886 in
929 2820 1095 2886 Psalmum
1123 2829 1255 2885 sextum
1285 2819 1435 2883 homilias

298 2932 340 2996 ad
352 2933 561 2997 Anastasium
580 2943 727 2998 nostrum
742 2943 910 2998 auctorem
927 2940 1079 3017 spectare
1096 2930 1354 2996 concludendum
1375 2937 1435 2994 est.

298 3141 810 3152 mum

367 3276 389 3342 1)
408 3277 462 3328 vid.
482 3291 565 3340 supra
582 3291 644 3342 pag.
664 3279 705 3326 69.

366 3359 510 3436 ²)'Patr0u
530 3370 576 3422 cr.
596 3371 637 3448 ee.
656 3370 740 3433 Magn.
760 3373 824 3419 tom.
845 3369 878 3418 aa
896 3369 947 3418 eor.
968 3369 1018 3420 aar
1037 3373 1065 3418 es
1084 3369 1142 3418 aaa.

367 3464 390 3530 ⁸)
409 3464 474 3514 ibid.
509 3463 666 3514 Notandum
691 3469 746 3528 est,
776 3463 849 3527 quod
866 3463 1022 3527 Lequienus
1045 3462 1146 3511 ibidem
1163 3461 1231 3510 facit
1248 3456 1435 3526 ,3Eutpchium

297 3558 513 3610 Alexandrinum
531 3562 560 3609 iu
578 3559 729 3609 Annalibus
747 3564 912 3622 narrantem,
931 3557 1117 3621 Anastasium,
1136 3558 1183 3618 qui
1199 3555 1337 3604 homiliam
1354 3557 1436 3603 istam

297 3656 486 3718 pronuntiavit
504 3655 531 3701 in
548 3652 593 3700 Ps.
613 3653 676 3718 VL,
695 3668 773 3720 „esse
791 3653 912 3702 Baanem
931 3651 1023 3715 illum3
1042 3653 1088 3714 qui
1106 3665 1167 3700 cum
1185 3649 1219 3699 ab
1238 3647 1364 3698 Heraclio
1383 3646 1435 3696 de-

299 3749 424 3813 fecisset,
453 3763 506 3811 quo
524 3751 645 3810 tempore
665 3745 794 3797 Saraceni
812 3743 920 3811 Syriam
945 3743 1125 3809 invadebant,
1151 3743 1346 3808 perduellionis
1369 3755 1437 3791 suae

297 3857 414 3907 poenam
432 3843 552 3906 veritus,
576 3841 738 3890 monachum
762 3843 790 3890 in
807 3845 898 3890 moute
917 3839 994 3890 Sinai
1011 3842 1152 3902 assumpto
1171 3837 1311 3886 Anastasii
1327 3838 1436 3885 nomine

297 3937 438 4001 professus
459 3935 525 3986 esti‘.
553 3935 607 3986 Sed
627 3941 701 3986 certe
711 3935 874 3985 Anastasius
892 3939 986 3984 noster
1003 3948 1059 4002 nQ
1076 3937 1247 3997 potestesse
1264 3931 1372 3980 Baanes
1389 3929 1436 3979 ille

299 4045 379 4094 quem
396 4031 456 4080 vult
472 4030 641 4094 Eutychius5
660 4043 748 4092 neque
768 4032 839 4078 enim
857 4031 882 4077 si
898 4026 1094 4092 perduellionis
1113 4042 1180 4076 suae
1198 4010 1314 4090 poenam
1333 4028 1436 4075 veritus

298 4124 461 4174 monachum
479 4127 506 4173 iu
524 4128 614 4173 monte
626 4123 702 4174 Sinai
718 4125 862 4188 professus
879 4129 968 4188 esset,
985 4137 1051 4172 mox
1063 4123 1160 4173 eodem
1168 4121 1297 4172 Heraclio
1306 4126 1436 4186 regnante

299 4217 386 4284 (obiit
404 4217 511 4268 demum
530 4233 553 4267 a.
573 4216 641 4283 641)
662 4218 860 4280 *Alexandriam
884 4217 1042 4282 disputandi
1064 4232 1148 4266 causa
1171 4219 1294 4268 venisset
1319 4232 1351 4267 eo
1375 4219 1435 4280 ipso

298 4310 439 4378 tempore,
465 4321 518 4370 <1110
542 4306 611 4356 haee
637 4312 702 4362 urbs
727 4315 869 4363 etiamtum
892 4312 1015 4362 Heraclii
1040 4311 1149 4362 ditionis
1173 4317 1240 4362 erat.
1277 4312 1331 4378 (cf.
1354 4327 1438 4376 supra

297 4424 360 4474 pag.
381 4407 440 4473 18.)
476 4407 572 4471 Itaque
597 4407 763 4472 Eutychium
787 4409 870 4458 etiam
892 4407 937 4457 hic
962 4421 1054 4458 errore
1079 4406 1224 4471 deceptum
1249 4421 1310 4457 esse
1334 4410 1437 4472 putem.

299 4502 346 4570 (cf.
365 4517 450 4568 supra
466 4517 529 4566 pag.
550 4505 564 4553 ‘l
583 4506 638 4553 not.
659 4501 697 4568 6.)
1003 4479 1008 4482 ¹
1445 4483 1453 4497 ⁸
