3225 5217
1280 482 1322 549 25

182 660 326 725 mmoctt
353 678 430 742 opus
458 658 497 723 do
525 658 700 723 orthodoxo
719 658 804 739 fide,
839 677 880 721 oc
908 659 1007 724 merie
1035 656 1160 721 Istrae
1186 676 1225 721 oo
1251 655 1323 721 doe·

183 772 298 836 toribus
320 771 525 855 deceptant
548 770 655 851 Quae
679 778 789 835 autem
808 770 896 835 hunc
917 768 1048 833 titulum
1069 768 1322 853 subsequuntur,

182 884 266 947 bueo
287 891 363 949 sunt
379 884 417 967 ¹):

269 1040 289 1076 „
311 996 510 1079 Principium
533 996 708 1062 verborum
730 1002 877 1075 tuorum,
900 992 1048 1074 Christo,
1070 994 1212 1075 veritas,
1244 994 1324 1076 quin

183 1108 304 1190 potius,
326 1114 398 1177 tute
416 1109 507 1191 ipse,
537 1108 630 1174 Deus
650 1106 816 1187 Verbum,
837 1126 919 1173 vera
939 1108 1082 1187 veritus,
1110 1112 1147 1167 ut
1168 1106 1226 1187 qai
1245 1122 1323 1169 vere
1387 1098 1392 1111 '

184 1220 229 1283 sis
252 1238 271 1283 e
293 1221 466 1284 verissime
487 1227 625 1303 paterna
638 1219 786 1283 ueritate
815 1218 968 1303 genitura
995 1225 1098 1299 etque
1118 1217 1260 1297 veritus,
1289 1222 1325 1281 et

185 1332 241 1414 qui
258 1332 408 1420 veritatis
431 1338 507 1395 tuae
527 1329 711 1395 amantibus
732 1332 907 1395 missorum
928 1337 963 1393 te
974 1328 1152 1403 veridicum
1164 1324 1324 1411 Spiritum

183 1443 346 1527 promittis
368 1444 402 1505 iu
425 1442 508 1505 baec
529 1441 649 1507 verbu:
677 1437 892 1522 „Paraclitus
920 1447 1049 1521 eutem,
1078 1460 1176 1524 quem
1197 1440 1324 1509 mittam

183 1553 279 1617 vobis
302 1556 335 1617 tn
356 1557 487 1620 nomine
509 1555 618 1619 Patris
640 1555 722 1634 mei,
745 1551 888 1637 Spiritus
909 1527 1074 1631 vir-mos,
1101 1550 1158 1614 ine
1179 1569 1241 1613 vos
1261 1547 1325 1613 ee-

184 1663 284 1729 ducet
306 1668 339 1727 in
362 1684 489 1729 omnem
513 1668 705 1745 veritatem,
735 1670 861 1728 utnon
880 1683 942 1727 vos
964 1665 1035 1726 sitis
1058 1664 1115 1745 qui
1136 1641 1324 1744 loquamini,

184 1777 244 1843 sed
257 1775 399 1861 Spiritus
411 1779 559 1869 veritatis
578 1779 635 1860 qui
655 1776 800 1859 loquitur
820 1777 854 1839 in
869 1775 965 1841 vobis
976 1773 1169 1863 ιθιίιιιιειιιιιι
1181 1770 1216 1855 ²).
1238 1771 1324 1835 Nam

185 1891 297 1973 etqui
327 1887 519 1973 splendidos
551 1896 651 1971 utque
679 1890 845 1973 pretiosos
873 1888 1012 1951 uniones
1034 1906 1079 1950 ex
1100 1883 1324 1968 inaspectabi-

184 2000 270 2067 libus
292 1999 465 2085 profundis
487 2000 671 2079 hominibus
693 2001 806 2065 venari
828 2020 869 2063 ac
889 1996 1179 2083 proferreuolunt,
1203 1998 1325 2062 vestitu

186 2114 273 2176 omni
296 2133 331 2177 se
355 2111 596 2197 despoliantes,
620 2120 654 2177 et
677 2113 750 2177 oleo
774 2134 812 2177 os
833 2112 1023 2196 implentes,
1046 2128 1213 2191 auraeque
1235 2106 1324 2190 quod

185 2225 265 2289 satis
288 2226 331 2287 sit
352 2223 486 2288 naribus
509 2245 553 2289 ex
575 2228 651 2289 abre
673 2224 860 2306 trahentes,
887 2225 935 2314 ita
963 2242 1000 2287 se
1022 2224 1055 2285 in
1077 2218 1222 2285 terribile
1244 2216 1325 2281 illud

184 2356 223 2399 oo
245 2335 486 2401 tenebricosum
514 2336 712 2419 profundum
735 2335 919 2401 demittunt.
962 2331 1077 2414 Quod,
1108 2338 1146 2395 ut
1172 2330 1325 2409 arbitror,

186 2447 374 2531 exemplum
390 2445 566 2529 ostendit,
597 2449 654 2529 qui
686 2445 902 2530 spiritualium
930 2463 1088 2527 equarum
1116 2451 1217 2527 utque
1239 2440 1326 2527 dog·
1377 2458 1380 2463 “

184 2568 307 2625 matum
335 2556 505 2649 profunde¹
528 2559 692 2641 vestigare
722 2576 766 2621 ex
795 2559 902 2639 iisque
931 2554 1060 2619 divinos
1089 2562 1192 2637 atque
1224 2529 1326 2638 puros

184 2673 321 2738 uniones
343 2672 456 2734 venari
477 2667 572 2750 velit,
596 2676 749 2753 oportere
773 2688 847 2733 eum
869 2668 911 2732 ab
934 2670 1022 2734 omni
1044 2668 1208 2732 concitato
1230 2664 1326 2748 quasi

95 2866 101 2881 .
184 2781 329 2866 quodum
351 2788 542 2867 tegumento
564 2778 686 2849 nudum
710 2800 794 2862 esse,
818 2787 1034 2863 sanctumque
1046 2778 1205 2865 Spiritum
1227 2776 1326 2841 animi

183 2902 339 2977 tauquam
361 2895 495 2959 naribus
517 2893 649 2957 trabere
672 2901 706 2956 et
736 2894 920 2973 continere,
954 2890 1132 2958 seeundum
1162 2888 1325 2954 dicentem

184 3014 350 3071 sonetum:
383 3004 554 3089 „Spiritus
585 3002 728 3085 divinus,
763 3006 821 3087 qui
849 3004 929 3067 mibi
950 3006 1036 3069 inest
1063 3007 1096 3067 in
1118 3000 1268 3079 naribus,
1291 3004 1326 3061 at

186 3115 426 3201 Omnipotontis
446 3138 537 3197 eure,
550 3136 635 3198 quae
657 3136 710 3179 me
733 3114 864 3180 erudit“
878 3114 915 3195 ³),
939 3124 988 3179 et:
1011 3114 1081 3198 „Os
1091 3136 1198 3179 meum
1209 3118 1326 3199 aperui

186 3238 219 3293 et
241 3229 366 3293 attraxi
387 3223 553 3312 spiritum,
578 3225 668 3310 quod
690 3234 742 3291 ost
765 3226 873 3291 oleum
889 3227 1067 3315 'laetitiam‘
1081 3226 1117 3312 ⁴).
1161 3226 1209 3292 Ut
1230 3229 1326 3293 iniis

186 3340 417 3428 comprobetur
440 3338 542 3405 diuini
564 3325 688 3404 oraculi
710 3339 861 3403 effatum:
894 3340 1029 3418 „Bonus
1051 3360 1095 3405 ex
1118 3339 1205 3403 bono
1227 3341 1326 3409 animi

185 3453 341 3519 thesauro
374 3452 461 3515 bona
493 3451 637 3535 profert,
678 3458 715 3515 ut
748 3472 828 3517 sane
854 3453 993 3517 vitiosus
1026 3472 1047 3515 e
1074 3452 1194 3516 vitioso
1227 3453 1326 3514 animi

184 3563 341 3629 thesauro
357 3566 475 3629 vitiose
497 3562 645 3647 proferet
660 3562 702 3647 ⁵),
725 3582 834 3646 neque
857 3564 943 3627 enim
963 3570 1090 3630 tentum
1112 3562 1251 3647 periculi
1275 3572 1326 3629 est

185 3674 350 3761 proimrdo
372 3695 530 3758 aquarum
551 3675 772 3756 tentantibus,
802 3682 960 3758 quantum
982 3676 1063 3738 vitio
1095 3674 1264 3744 obstrictis
1292 3681 1328 3739 et

185 3809 350 3855 sacrarum
363 3786 523 3853 Litterem
535 3786 700 3872 profunda
712 3790 823 3853 rimari
834 3785 1117 3871 aggredientibus:
1132 3786 1223 3851 solus
1231 3785 1326 3849 narn-¹

186 3920 251 3983 que
275 3898 417 3985 Spiritus
439 3898 596 3981 Sanctus,
619 3907 656 3963 ut
678 3900 735 3982 qui
756 3898 866 3980 Deus,
898 3899 1006 3961 rimari
1028 3905 1141 3981 potest
1162 3896 1327 3981 profunda

185 4010 249 4075 Dei
263 4007 297 4093 6).
343 4010 454 4089 Quare
485 4018 526 4108 eb
547 4012 678 4094 sapiens
709 4010 841 4093 quidam
874 4012 936 4073 ait:
969 4008 1122 4094 Inprimis
1154 3987 1327 4097 purganda

186 4234 196 4237 ..
201 4224 631 4286 ...st-...u--v—n-——d-——o--m-
636 4232 659 4237 ..ν
670 4232 688 4237 ....
693 4230 785 4238 -η,
792 4231 971 4237 ---——·---——
977 4231 999 4235 --
1015 4226 1326 4239 ...W

255 4384 277 4450 ι)
296 4386 347 4435 001.
367 4387 408 4437 oo.
480 4383 502 4451 ²)
521 4384 583 4437 ιοι.
604 4386 651 4451 re,
672 4386 712 4437 ra.
747 4383 846 4434 ιιιιιι.
866 4385 914 4449 ιο,
933 4384 975 4435 ιο.
1045 4382 1068 4448 ³)
1086 4382 1149 4433 ooo.
1168 4382 1211 4446 ιι,
1230 4383 1253 4432 a.
1273 4384 1298 4433 a

255 4477 276 4544 ⁴)
295 4479 341 4529 Ρι.
362 4481 425 4546 118,
445 4481 510 4541 1313
529 4480 578 4546 44,
597 4481 621 4531 e.
692 4478 714 4544 ⁸)
732 4478 830 4531 ιιιιιι.
851 4481 898 4545 ιι,
915 4479 957 4530 as.
1027 4478 1050 4543 ⁶)
1068 4478 1090 4530 1.
1109 4474 1170 4527 cor.
1190 4477 1220 4541 ι,
1240 4478 1281 4527 10.
