<?xml version="1.0" encoding="UTF-8"?>
<!DOCTYPE html PUBLIC "-//W3C//DTD XHTML 1.0 Transitional//EN"
    "http://www.w3.org/TR/xhtml1/DTD/xhtml1-transitional.dtd">
<html xmlns="http://www.w3.org/1999/xhtml" xml:lang="en" lang="en">
 <head>
  <title>
</title>
<meta http-equiv="Content-Type" content="text/html;charset=utf-8" />
  <meta name='ocr-system' content='tesseract 3.04.00' />
  <meta name='ocr-capabilities' content='ocr_page ocr_carea ocr_par ocr_line ocrx_word'/>
</head>
<body>
  <div class='ocr_page' id='page_1' title='image "./deanastasiosina00kumpgoog_0084.png"; bbox 0 0 3225 5217; ppageno 0'>
   <div class='ocr_carea' id='block_1_1' title="bbox 293 484 337 548">
    <p class='ocr_par' dir='ltr' id='par_1_1' title="bbox 293 484 337 548">
     <span class='ocr_line' id='line_1_1' title="bbox 293 484 337 548; baseline 0 0"><span class='ocrx_word' id='word_1_1' title='bbox 293 484 337 548; x_wconf 82' lang='grc'><strong>60</strong></span> 
     </span>
    </p>
   </div>
   <div class='ocr_carea' id='block_1_2' title="bbox 293 637 1432 746">
    <p class='ocr_par' dir='ltr' id='par_1_2' title="bbox 293 637 1432 746">
     <span class='ocr_line' id='line_1_2' title="bbox 293 637 1432 746; baseline 0.002 -24"><span class='ocrx_word' id='word_1_2' title='bbox 293 677 368 722; x_wconf 86' lang='lat' dir='ltr'><strong>esse</strong></span> <span class='ocrx_word' id='word_1_3' title='bbox 385 679 504 746; x_wconf 83' lang='lat' dir='ltr'><strong>reapse</strong></span> <span class='ocrx_word' id='word_1_4' title='bbox 520 661 556 728; x_wconf 22' lang='lat' dir='ltr'><strong>S*</strong></span> <span class='ocrx_word' id='word_1_5' title='bbox 567 661 706 726; x_wconf 83' lang='lat' dir='ltr'><strong>Joannis</strong></span> <span class='ocrx_word' id='word_1_6' title='bbox 717 659 917 724; x_wconf 84' lang='lat' dir='ltr'><strong>Damasceni</strong></span> <span class='ocrx_word' id='word_1_7' title='bbox 935 679 997 724; x_wconf 86' lang='lat' dir='ltr'><strong>nec</strong></span> <span class='ocrx_word' id='word_1_8' title='bbox 1017 661 1127 744; x_wconf 87' lang='lat' dir='ltr'><strong>potius</strong></span> <span class='ocrx_word' id='word_1_9' title='bbox 1146 637 1432 724; x_wconf 76' lang='lat' dir='ltr'><strong>cum⁸doctissimo</strong></span> 
     </span>
    </p>
   </div>
   <div class='ocr_carea' id='block_1_3' title="bbox 292 769 1445 3746">
    <p class='ocr_par' dir='ltr' id='par_1_3' title="bbox 293 769 1433 1079">
     <span class='ocr_line' id='line_1_3' title="bbox 295 769 1433 856; baseline 0.003 -24"><span class='ocrx_word' id='word_1_10' title='bbox 295 771 364 833; x_wconf 88' lang='lat' dir='ltr'><strong>viro</strong></span> <span class='ocrx_word' id='word_1_11' title='bbox 376 771 530 836; x_wconf 85' lang='lat' dir='ltr'><strong>Michaeli</strong></span> <span class='ocrx_word' id='word_1_12' title='bbox 540 773 712 854; x_wconf 86' lang='lat' dir='ltr'><strong>Lequieuo</strong></span> <span class='ocrx_word' id='word_1_13' title='bbox 724 769 899 835; x_wconf 86' lang='lat' dir='ltr'><strong>dicendum</strong></span> <span class='ocrx_word' id='word_1_14' title='bbox 918 773 971 850; x_wconf 75' lang='lat' dir='ltr'><strong>sit,</strong></span> <span class='ocrx_word' id='word_1_15' title='bbox 995 771 1200 834; x_wconf 81' lang='lat' dir='ltr'>librariorum</span> <span class='ocrx_word' id='word_1_16' title='bbox 1215 771 1433 856; x_wconf 74' lang='lat' dir='ltr'><strong>imprudentia</strong></span> 
     </span>
     <span class='ocr_line' id='line_1_4' title="bbox 293 881 1433 966; baseline 0.002 -20"><span class='ocrx_word' id='word_1_17' title='bbox 293 881 417 960; x_wconf 87' lang='lat' dir='ltr'><strong>(dicam</strong></span> <span class='ocrx_word' id='word_1_18' title='bbox 450 904 493 946; x_wconf 85' lang='lat' dir='ltr'><strong>an</strong></span> <span class='ocrx_word' id='word_1_19' title='bbox 524 881 748 966; x_wconf 78' lang='lat' dir='ltr'><strong>impudentia)</strong></span> <span class='ocrx_word' id='word_1_20' title='bbox 777 902 898 946; x_wconf 87' lang='lat' dir='ltr'><strong>nomeu</strong></span> <span class='ocrx_word' id='word_1_21' title='bbox 925 881 959 948; x_wconf 85' lang='lat' dir='ltr'><strong>S.</strong></span> <span class='ocrx_word' id='word_1_22' title='bbox 986 881 1125 946; x_wconf 85' lang='lat' dir='ltr'><strong>Joannis</strong></span> <span class='ocrx_word' id='word_1_23' title='bbox 1153 882 1349 948; x_wconf 84' lang='lat' dir='ltr'><strong>Damasceni</strong></span> <span class='ocrx_word' id='word_1_24' title='bbox 1383 883 1433 948; x_wconf 85' lang='lat' dir='ltr'><strong>bis</strong></span> 
     </span>
     <span class='ocr_line' id='line_1_5' title="bbox 293 994 809 1079; baseline 0 -23"><span class='ocrx_word' id='word_1_25' title='bbox 293 995 460 1078; x_wconf 75' lang='lat' dir='ltr'><strong>opusculis</strong></span> <span class='ocrx_word' id='word_1_26' title='bbox 481 995 666 1079; x_wconf 82' lang='lat' dir='ltr'><strong>praefixum</strong></span> <span class='ocrx_word' id='word_1_27' title='bbox 688 1013 763 1057; x_wconf 86' lang='lat' dir='ltr'><strong>esso</strong></span> <span class='ocrx_word' id='word_1_28' title='bbox 780 994 809 1074; x_wconf 83' lang='lat'><strong>¹).</strong></span> 
     </span>
    </p>

    <p class='ocr_par' dir='ltr' id='par_1_4' title="bbox 292 1104 1433 1976">
     <span class='ocr_line' id='line_1_6' title="bbox 378 1104 1432 1191; baseline -0.002 -21"><span class='ocrx_word' id='word_1_29' title='bbox 378 1104 540 1170; x_wconf 89' lang='lat' dir='ltr'><strong>Octavum</strong></span> <span class='ocrx_word' id='word_1_30' title='bbox 550 1104 1038 1190; x_wconf 82' lang='lat' dir='ltr'><strong>argumentumOudinussumit</strong></span> <span class='ocrx_word' id='word_1_31' title='bbox 1046 1125 1088 1168; x_wconf 85' lang='lat' dir='ltr'><strong>ex</strong></span> <span class='ocrx_word' id='word_1_32' title='bbox 1100 1106 1432 1191; x_wconf 73' lang='lat' dir='ltr'><strong>epitireto„Minimi·‘‚</strong></span> 
     </span>
     <span class='ocr_line' id='line_1_7' title="bbox 292 1215 1432 1302; baseline 0 -22"><span class='ocrx_word' id='word_1_33' title='bbox 292 1215 383 1299; x_wconf 88' lang='lat' dir='ltr'><strong>qnod</strong></span> <span class='ocrx_word' id='word_1_34' title='bbox 399 1224 515 1280; x_wconf 80' lang='lat' dir='ltr'>auctor</span> <span class='ocrx_word' id='word_1_35' title='bbox 531 1215 594 1279; x_wconf 86' lang='lat' dir='ltr'>sibi</span> <span class='ocrx_word' id='word_1_36' title='bbox 612 1215 727 1280; x_wconf 82' lang='lat' dir='ltr'><strong>tribuit</strong></span> <span class='ocrx_word' id='word_1_37' title='bbox 743 1218 778 1278; x_wconf 87' lang='lat' dir='ltr'><strong>in</strong></span> <span class='ocrx_word' id='word_1_38' title='bbox 795 1215 899 1279; x_wconf 85' lang='lat' dir='ltr'><strong>titulis</strong></span> <span class='ocrx_word' id='word_1_39' title='bbox 918 1238 989 1300; x_wconf 84' lang='lat' dir='ltr'><strong>cup.</strong></span> <span class='ocrx_word' id='word_1_40' title='bbox 1001 1215 1060 1279; x_wconf 85' lang='lat'><em>111.</em></span> <span class='ocrx_word' id='word_1_41' title='bbox 1075 1225 1109 1280; x_wconf 86' lang='lat' dir='ltr'><strong>et</strong></span> <span class='ocrx_word' id='word_1_42' title='bbox 1119 1216 1177 1280; x_wconf 82' lang='lat' dir='ltr'><strong>lv.</strong></span> <span class='ocrx_word' id='word_1_43' title='bbox 1193 1217 1230 1299; x_wconf 81' lang='lat'><strong>²).</strong></span> <span class='ocrx_word' id='word_1_44' title='bbox 1263 1216 1432 1302; x_wconf 74' lang='lat' dir='ltr'><strong>„Scriptos</strong></span> 
     </span>
     <span class='ocr_line' id='line_1_8' title="bbox 292 1328 1432 1410; baseline 0.001 -20"><span class='ocrx_word' id='word_1_45' title='bbox 292 1348 432 1410; x_wconf 85' lang='lat' dir='ltr'><strong>namque</strong></span> <span class='ocrx_word' id='word_1_46' title='bbox 454 1328 516 1392; x_wconf 86' lang='lat' dir='ltr'><strong>hoe</strong></span> <span class='ocrx_word' id='word_1_47' title='bbox 536 1335 697 1394; x_wconf 86' lang='lat' dir='ltr'><strong>tractatus</strong></span> <span class='ocrx_word' id='word_1_48' title='bbox 716 1349 783 1392; x_wconf 89' lang='lat' dir='ltr'><strong>uon</strong></span> <span class='ocrx_word' id='word_1_49' title='bbox 793 1329 900 1392; x_wconf 87' lang='lat' dir='ltr'><strong>videri</strong></span> <span class='ocrx_word' id='word_1_50' title='bbox 922 1337 999 1392; x_wconf 87' lang='lat' dir='ltr'><strong>onte</strong></span> <span class='ocrx_word' id='word_1_51' title='bbox 1016 1329 1139 1392; x_wconf 85' lang='lat' dir='ltr'><strong>soeculi</strong></span> <span class='ocrx_word' id='word_1_52' title='bbox 1150 1329 1267 1393; x_wconf 86' lang='lat' dir='ltr'><strong>decimi</strong></span> <span class='ocrx_word' id='word_1_53' title='bbox 1280 1329 1432 1406; x_wconf 79' lang='lat' dir='ltr'><strong>medinm,</strong></span> 
     </span>
     <span class='ocr_line' id='line_1_9' title="bbox 293 1439 1432 1525; baseline -0.002 -21"><span class='ocrx_word' id='word_1_54' title='bbox 293 1461 359 1523; x_wconf 92' lang='lat' dir='ltr'><strong>quo</strong></span> <span class='ocrx_word' id='word_1_55' title='bbox 381 1440 471 1525; x_wconf 90' lang='lat' dir='ltr'><strong>apud</strong></span> <span class='ocrx_word' id='word_1_56' title='bbox 493 1439 643 1506; x_wconf 86' lang='lat' dir='ltr'><strong>Graecos</strong></span> <span class='ocrx_word' id='word_1_57' title='bbox 664 1441 816 1505; x_wconf 80' lang='lat' dir='ltr'><strong>monachi</strong></span> <span class='ocrx_word' id='word_1_58' title='bbox 838 1450 872 1504; x_wconf 89' lang='lat' dir='ltr'><strong>et</strong></span> <span class='ocrx_word' id='word_1_59' title='bbox 894 1440 1080 1524; x_wconf 81' lang='lat' dir='ltr'><strong>presbyteri</strong></span> <span class='ocrx_word' id='word_1_60' title='bbox 1102 1441 1331 1504; x_wconf 85' lang='lat' dir='ltr'><strong>affectaverint</strong></span> <span class='ocrx_word' id='word_1_61' title='bbox 1360 1443 1432 1524; x_wconf 87' lang='lat' dir='ltr'><strong>epi·</strong></span> 
     </span>
     <span class='ocr_line' id='line_1_10' title="bbox 292 1549 1432 1636; baseline -0.002 -21"><span class='ocrx_word' id='word_1_62' title='bbox 292 1552 418 1616; x_wconf 90' lang='lat' dir='ltr'><strong>thetum</strong></span> <span class='ocrx_word' id='word_1_63' title='bbox 439 1554 604 1633; x_wconf 73' lang='lat' dir='ltr'><strong>„minimi“</strong></span> <span class='ocrx_word' id='word_1_64' title='bbox 623 1573 683 1616; x_wconf 87' lang='lat' dir='ltr'><strong>suo</strong></span> <span class='ocrx_word' id='word_1_65' title='bbox 702 1555 824 1616; x_wconf 89' lang='lat' dir='ltr'><strong>nomini</strong></span> <span class='ocrx_word' id='word_1_66' title='bbox 839 1551 992 1636; x_wconf 81' lang='lat' dir='ltr'><strong>adjicere,</strong></span> <span class='ocrx_word' id='word_1_67' title='bbox 1009 1572 1052 1615; x_wconf 85' lang='lat' dir='ltr'><strong>ex</strong></span> <span class='ocrx_word' id='word_1_68' title='bbox 1066 1551 1256 1616; x_wconf 89' lang='lat' dir='ltr'><strong>humilitatis</strong></span> <span class='ocrx_word' id='word_1_69' title='bbox 1268 1554 1386 1614; x_wconf 81' lang='lat' dir='ltr'><strong>sensu“</strong></span> <span class='ocrx_word' id='word_1_70' title='bbox 1396 1549 1432 1634; x_wconf 58' lang='grc' dir='ltr'><strong>ἵ)</strong></span> 
     </span>
     <span class='ocr_line' id='line_1_11' title="bbox 293 1661 1432 1747; baseline -0.004 -20"><span class='ocrx_word' id='word_1_71' title='bbox 293 1662 441 1727; x_wconf 86' lang='lat' dir='ltr'><strong>Oudinos</strong></span> <span class='ocrx_word' id='word_1_72' title='bbox 453 1666 576 1747; x_wconf 91' lang='lat' dir='ltr'><strong>quippe</strong></span> <span class='ocrx_word' id='word_1_73' title='bbox 590 1663 756 1747; x_wconf 69' lang='lat' dir='ltr'><strong>probibet,</strong></span> <span class='ocrx_word' id='word_1_74' title='bbox 774 1665 947 1746; x_wconf 80' lang='lat' dir='ltr'><strong>quominus</strong></span> <span class='ocrx_word' id='word_1_75' title='bbox 963 1665 1107 1747; x_wconf 85' lang='lat' dir='ltr'><strong>priorum</strong></span> <span class='ocrx_word' id='word_1_76' title='bbox 1120 1671 1301 1745; x_wconf 86' lang='lat' dir='ltr'><strong>temporum</strong></span> <span class='ocrx_word' id='word_1_77' title='bbox 1315 1661 1432 1744; x_wconf 89' lang='lat' dir='ltr'><strong>aliquis</strong></span> 
     </span>
     <span class='ocr_line' id='line_1_12' title="bbox 294 1771 1433 1858; baseline -0.002 -22"><span class='ocrx_word' id='word_1_78' title='bbox 294 1775 458 1838; x_wconf 86' lang='lat' dir='ltr'><strong>minimum</strong></span> <span class='ocrx_word' id='word_1_79' title='bbox 481 1795 517 1839; x_wconf 91' lang='lat' dir='ltr'><strong>se</strong></span> <span class='ocrx_word' id='word_1_80' title='bbox 541 1782 655 1854; x_wconf 85' lang='lat' dir='ltr'><strong>vocet,</strong></span> <span class='ocrx_word' id='word_1_81' title='bbox 686 1776 783 1858; x_wconf 87' lang='lat' dir='ltr'><strong>quasi</strong></span> <span class='ocrx_word' id='word_1_82' title='bbox 804 1794 849 1837; x_wconf 88' lang='lat' dir='ltr'><strong>ex</strong></span> <span class='ocrx_word' id='word_1_83' title='bbox 873 1795 914 1837; x_wconf 90' lang='lat' dir='ltr'><strong>eo</strong></span> <span class='ocrx_word' id='word_1_84' title='bbox 935 1776 1026 1857; x_wconf 87' lang='lat' dir='ltr'><strong>ipso,</strong></span> <span class='ocrx_word' id='word_1_85' title='bbox 1058 1772 1147 1856; x_wconf 91' lang='lat' dir='ltr'><strong>quod</strong></span> <span class='ocrx_word' id='word_1_86' title='bbox 1169 1781 1286 1858; x_wconf 83' lang='lat' dir='ltr'><strong>postea</strong></span> <span class='ocrx_word' id='word_1_87' title='bbox 1307 1771 1433 1854; x_wconf 85' lang='lat' dir='ltr'><strong>aliquid</strong></span> 
     </span>
     <span class='ocr_line' id='line_1_13' title="bbox 292 1884 1182 1976; baseline 0 -28"><span class='ocrx_word' id='word_1_88' title='bbox 292 1886 416 1949; x_wconf 80' lang='lat' dir='ltr'><strong>iactum</strong></span> <span class='ocrx_word' id='word_1_89' title='bbox 437 1888 497 1967; x_wconf 84' lang='lat' dir='ltr'><strong>sit,</strong></span> <span class='ocrx_word' id='word_1_90' title='bbox 519 1895 618 1950; x_wconf 72' lang='lat' dir='ltr'><strong>ardea</strong></span> <span class='ocrx_word' id='word_1_91' title='bbox 637 1884 726 1949; x_wconf 87' lang='lat' dir='ltr'><strong>idem</strong></span> <span class='ocrx_word' id='word_1_92' title='bbox 748 1886 821 1949; x_wconf 90' lang='lat' dir='ltr'><strong>fieri</strong></span> <span class='ocrx_word' id='word_1_93' title='bbox 843 1907 908 1950; x_wconf 90' lang='lat' dir='ltr'><strong>nou</strong></span> <span class='ocrx_word' id='word_1_94' title='bbox 931 1887 1087 1970; x_wconf 86' lang='lat' dir='ltr'><strong>potnerit.</strong></span> <span class='ocrx_word' id='word_1_95' title='bbox 1179 1972 1182 1976; x_wconf 10' lang='grc' dir='ltr'><strong>ἡ</strong></span> 
     </span>
    </p>

    <p class='ocr_par' dir='ltr' id='par_1_5' title="bbox 294 1995 1445 3746">
     <span class='ocr_line' id='line_1_14' title="bbox 379 1995 1433 2080; baseline -0.003 -18"><span class='ocrx_word' id='word_1_96' title='bbox 379 1997 475 2062; x_wconf 89' lang='lat' dir='ltr'><strong>Nono</strong></span> <span class='ocrx_word' id='word_1_97' title='bbox 509 1997 658 2062; x_wconf 88' lang='lat' dir='ltr'><strong>Oudinus</strong></span> <span class='ocrx_word' id='word_1_98' title='bbox 692 2019 759 2077; x_wconf 83' lang='lat' dir='ltr'><strong>„ex</strong></span> <span class='ocrx_word' id='word_1_99' title='bbox 792 1997 1001 2061; x_wconf 82' lang='lat' dir='ltr'><strong>citationibus</strong></span> <span class='ocrx_word' id='word_1_100' title='bbox 1031 1995 1183 2079; x_wconf 82' lang='lat' dir='ltr'><strong>Dionysii</strong></span> <span class='ocrx_word' id='word_1_101' title='bbox 1209 1995 1433 2080; x_wconf 74' lang='lat' dir='ltr'><strong>Areopagitae</strong></span> 
     </span>
     <span class='ocr_line' id='line_1_15' title="bbox 294 2105 1433 2193; baseline -0.004 -21"><span class='ocrx_word' id='word_1_102' title='bbox 294 2109 476 2189; x_wconf 77' lang='lat' dir='ltr'><strong>concludit,</strong></span> <span class='ocrx_word' id='word_1_103' title='bbox 510 2111 703 2193; x_wconf 76' lang='lat' dir='ltr'><strong>scriptorem</strong></span> <span class='ocrx_word' id='word_1_104' title='bbox 736 2110 930 2172; x_wconf 78' lang='lat' dir='ltr'><strong>recentioris</strong></span> <span class='ocrx_word' id='word_1_105' title='bbox 964 2105 1126 2171; x_wconf 83' lang='lat' dir='ltr'><strong>Graeciae</strong></span> <span class='ocrx_word' id='word_1_106' title='bbox 1161 2127 1252 2186; x_wconf 83' lang='lat' dir='ltr'><strong>esse,</strong></span> <span class='ocrx_word' id='word_1_107' title='bbox 1291 2108 1433 2169; x_wconf 86' lang='lat' dir='ltr'><strong>maxime</strong></span> 
     </span>
     <span class='ocr_line' id='line_1_16' title="bbox 295 2216 1433 2303; baseline -0.003 -20"><span class='ocrx_word' id='word_1_108' title='bbox 295 2219 371 2284; x_wconf 89' lang='lat' dir='ltr'><strong>dum</strong></span> <span class='ocrx_word' id='word_1_109' title='bbox 392 2220 516 2303; x_wconf 78' lang='lat' dir='ltr'><strong>aliegat</strong></span> <span class='ocrx_word' id='word_1_110' title='bbox 525 2218 561 2302; x_wconf 87' lang='lat'><strong>⁴),</strong></span> <span class='ocrx_word' id='word_1_111' title='bbox 584 2218 710 2283; x_wconf 88' lang='lat' dir='ltr'><strong>scholia</strong></span> <span class='ocrx_word' id='word_1_112' title='bbox 731 2220 835 2284; x_wconf 82' lang='lat' dir='ltr'><strong>fuisse</strong></span> <span class='ocrx_word' id='word_1_113' title='bbox 858 2221 980 2302; x_wconf 86' lang='lat' dir='ltr'><strong>scripta</strong></span> <span class='ocrx_word' id='word_1_114' title='bbox 1000 2239 1020 2280; x_wconf 86' lang='lat' dir='ltr'><strong>a</strong></span> <span class='ocrx_word' id='word_1_115' title='bbox 1034 2218 1195 2301; x_wconf 81' lang='lat' dir='ltr'><strong>Dionysio</strong></span> <span class='ocrx_word' id='word_1_116' title='bbox 1207 2216 1433 2303; x_wconf 80' lang='lat' dir='ltr'><strong>Alexandrino</strong></span> 
     </span>
     <span class='ocr_line' id='line_1_17' title="bbox 298 2328 1433 2430; baseline -0.003 -38"><span class='ocrx_word' id='word_1_117' title='bbox 298 2333 455 2415; x_wconf 88' lang='lat' dir='ltr'><strong>episcopo</strong></span> <span class='ocrx_word' id='word_1_118' title='bbox 483 2334 517 2394; x_wconf 90' lang='lat' dir='ltr'><strong>in</strong></span> <span class='ocrx_word' id='word_1_119' title='bbox 543 2349 646 2415; x_wconf 87' lang='lat' dir='ltr'><strong>opera</strong></span> <span class='ocrx_word' id='word_1_120' title='bbox 666 2329 700 2395; x_wconf 88' lang='lat' dir='ltr'><strong>S.</strong></span> <span class='ocrx_word' id='word_1_121' title='bbox 722 2330 875 2413; x_wconf 83' lang='lat' dir='ltr'><strong>Dionysii</strong></span> <span class='ocrx_word' id='word_1_122' title='bbox 905 2330 1144 2430; x_wconf 73' lang='lat' dir='ltr'><strong>Areopagitae,</strong></span> <span class='ocrx_word' id='word_1_123' title='bbox 1174 2328 1263 2410; x_wconf 90' lang='lat' dir='ltr'><strong>quod</strong></span> <span class='ocrx_word' id='word_1_124' title='bbox 1285 2336 1433 2412; x_wconf 85' lang='lat' dir='ltr'><strong>apertum</strong></span> 
     </span>
     <span class='ocr_line' id='line_1_18' title="bbox 295 2438 1433 2525; baseline -0.004 -19"><span class='ocrx_word' id='word_1_125' title='bbox 295 2445 339 2506; x_wconf 88' lang='lat' dir='ltr'><strong>sit</strong></span> <span class='ocrx_word' id='word_1_126' title='bbox 372 2441 588 2506; x_wconf 72' lang='lat' dir='ltr'><strong>mordacium</strong></span> <span class='ocrx_word' id='word_1_127' title='bbox 632 2441 717 2505; x_wconf 85' lang='lat' dir='ltr'><strong>Nam</strong></span> <span class='ocrx_word' id='word_1_128' title='bbox 747 2461 849 2525; x_wconf 90' lang='lat' dir='ltr'><strong>opera</strong></span> <span class='ocrx_word' id='word_1_129' title='bbox 878 2441 976 2525; x_wconf 82' lang='lat' dir='ltr'><strong>hujus</strong></span> <span class='ocrx_word' id='word_1_130' title='bbox 1002 2438 1227 2525; x_wconf 71' lang='lat' dir='ltr'><strong>Areopagitae</strong></span> <span class='ocrx_word' id='word_1_131' title='bbox 1257 2461 1278 2502; x_wconf 88' lang='lat' dir='ltr'><strong>a</strong></span> <span class='ocrx_word' id='word_1_132' title='bbox 1306 2440 1433 2502; x_wconf 82' lang='lat' dir='ltr'><strong>nemine</strong></span> 
     </span>
     <span class='ocr_line' id='line_1_19' title="bbox 294 2549 1433 2638; baseline -0.006 -20"><span class='ocrx_word' id='word_1_133' title='bbox 294 2555 427 2638; x_wconf 81' lang='lat' dir='ltr'><strong>cognita</strong></span> <span class='ocrx_word' id='word_1_134' title='bbox 448 2553 504 2616; x_wconf 89' lang='lat' dir='ltr'><strong>vel</strong></span> <span class='ocrx_word' id='word_1_135' title='bbox 525 2553 670 2637; x_wconf 81' lang='lat' dir='ltr'><strong>allegata</strong></span> <span class='ocrx_word' id='word_1_136' title='bbox 691 2555 795 2618; x_wconf 78' lang='lat' dir='ltr'><strong>fuisse</strong></span> <span class='ocrx_word' id='word_1_137' title='bbox 812 2573 961 2636; x_wconf 85' lang='lat' dir='ltr'><strong>unquam</strong></span> <span class='ocrx_word' id='word_1_138' title='bbox 985 2559 1060 2615; x_wconf 89' lang='lat' dir='ltr'><strong>ante</strong></span> <span class='ocrx_word' id='word_1_139' title='bbox 1084 2551 1290 2616; x_wconf 87' lang='lat' dir='ltr'><strong>collationem</strong></span> <span class='ocrx_word' id='word_1_140' title='bbox 1312 2571 1342 2614; x_wconf 87' lang='lat' dir='ltr'><strong>a.</strong></span> <span class='ocrx_word' id='word_1_141' title='bbox 1362 2549 1433 2612; x_wconf 79' lang='lat'><strong>533.</strong></span> 
     </span>
     <span class='ocr_line' id='line_1_20' title="bbox 296 2659 1434 2741; baseline -0.005 -13"><span class='ocrx_word' id='word_1_142' title='bbox 296 2662 361 2728; x_wconf 81' lang='grc' dir='ltr'><strong>ΟΡ.</strong></span> <span class='ocrx_word' id='word_1_143' title='bbox 383 2665 505 2728; x_wconf 80' lang='lat' dir='ltr'><strong>iactam</strong></span> <span class='ocrx_word' id='word_1_144' title='bbox 527 2666 613 2728; x_wconf 87' lang='lat' dir='ltr'><strong>inter</strong></span> <span class='ocrx_word' id='word_1_145' title='bbox 635 2664 833 2730; x_wconf 85' lang='lat' dir='ltr'><strong>Severianus</strong></span> <span class='ocrx_word' id='word_1_146' title='bbox 857 2672 891 2728; x_wconf 91' lang='lat' dir='ltr'><strong>et</strong></span> <span class='ocrx_word' id='word_1_147' title='bbox 913 2661 1133 2741; x_wconf 83' lang='lat' dir='ltr'><strong>orthodoxos,</strong></span> <span class='ocrx_word' id='word_1_148' title='bbox 1163 2660 1350 2726; x_wconf 82' lang='lat' dir='ltr'><strong>Severianis</strong></span> <span class='ocrx_word' id='word_1_149' title='bbox 1379 2659 1434 2724; x_wconf 87' lang='lat' dir='ltr'><strong>ilia</strong></span> 
     </span>
     <span class='ocr_line' id='line_1_21' title="bbox 295 2771 1434 2860; baseline -0.004 -22"><span class='ocrx_word' id='word_1_150' title='bbox 295 2777 432 2859; x_wconf 83' lang='lat' dir='ltr'><strong>primum</strong></span> <span class='ocrx_word' id='word_1_151' title='bbox 454 2775 692 2860; x_wconf 79' lang='lat' dir='ltr'><strong>allegantibus,</strong></span> <span class='ocrx_word' id='word_1_152' title='bbox 713 2775 774 2840; x_wconf 88' lang='lat' dir='ltr'><strong>sed</strong></span> <span class='ocrx_word' id='word_1_153' title='bbox 797 2774 1002 2840; x_wconf 84' lang='lat' dir='ltr'><strong>Orthodoxis</strong></span> <span class='ocrx_word' id='word_1_154' title='bbox 1025 2771 1116 2836; x_wconf 85' lang='lat' dir='ltr'><strong>velut</strong></span> <span class='ocrx_word' id='word_1_155' title='bbox 1137 2775 1305 2857; x_wconf 77' lang='lat' dir='ltr'><strong>incognita</strong></span> <span class='ocrx_word' id='word_1_156' title='bbox 1327 2779 1361 2836; x_wconf 89' lang='lat' dir='ltr'><strong>et</strong></span> <span class='ocrx_word' id='word_1_157' title='bbox 1381 2773 1434 2834; x_wconf 86' lang='lat' dir='ltr'><strong>in·-</strong></span> 
     </span>
     <span class='ocr_line' id='line_1_22' title="bbox 296 2883 1433 2970; baseline -0.002 -22"><span class='ocrx_word' id='word_1_158' title='bbox 296 2884 396 2948; x_wconf 88' lang='lat' dir='ltr'><strong>cerba</strong></span> <span class='ocrx_word' id='word_1_159' title='bbox 423 2886 655 2970; x_wconf 85' lang='lat' dir='ltr'><strong>rejicientibus.</strong></span> <span class='ocrx_word' id='word_1_160' title='bbox 699 2887 804 2950; x_wconf 85' lang='lat' dir='ltr'><strong>Porro</strong></span> <span class='ocrx_word' id='word_1_161' title='bbox 827 2907 892 2969; x_wconf 86' lang='lat' dir='ltr'><strong>qna</strong></span> <span class='ocrx_word' id='word_1_162' title='bbox 922 2888 1049 2950; x_wconf 87' lang='lat' dir='ltr'><strong>ratione</strong></span> <span class='ocrx_word' id='word_1_163' title='bbox 1078 2883 1217 2947; x_wconf 84' lang='lat' dir='ltr'><strong>alterum</strong></span> <span class='ocrx_word' id='word_1_164' title='bbox 1240 2883 1433 2965; x_wconf 85' lang='lat' dir='ltr'><strong>Dionysium</strong></span> 
     </span>
     <span class='ocr_line' id='line_1_23' title="bbox 294 2993 1434 3080; baseline -0.001 -23"><span class='ocrx_word' id='word_1_165' title='bbox 294 2993 555 3059; x_wconf 86' lang='lat' dir='ltr'><strong>Alexandrinum</strong></span> <span class='ocrx_word' id='word_1_166' title='bbox 584 2999 792 3080; x_wconf 87' lang='lat' dir='ltr'><strong>episcopum,</strong></span> <span class='ocrx_word' id='word_1_167' title='bbox 824 3000 879 3080; x_wconf 90' lang='lat' dir='ltr'><strong>qui</strong></span> <span class='ocrx_word' id='word_1_168' title='bbox 907 3017 936 3060; x_wconf 85' lang='lat' dir='ltr'><strong>a.</strong></span> <span class='ocrx_word' id='word_1_169' title='bbox 961 2998 1034 3059; x_wconf 81' lang='lat'><strong>260.</strong></span> <span class='ocrx_word' id='word_1_170' title='bbox 1060 2997 1146 3058; x_wconf 88' lang='lat' dir='ltr'><strong>inter</strong></span> <span class='ocrx_word' id='word_1_171' title='bbox 1176 2993 1324 3058; x_wconf 85' lang='lat' dir='ltr'><strong>celebres</strong></span> <span class='ocrx_word' id='word_1_172' title='bbox 1346 2995 1434 3056; x_wconf 82' lang='lat' dir='ltr'><strong>viros</strong></span> 
     </span>
     <span class='ocr_line' id='line_1_24' title="bbox 295 3104 1434 3193; baseline -0.002 -25"><span class='ocrx_word' id='word_1_173' title='bbox 295 3105 405 3186; x_wconf 85' lang='lat' dir='ltr'><strong>fuerit,</strong></span> <span class='ocrx_word' id='word_1_174' title='bbox 427 3106 554 3170; x_wconf 86' lang='lat' dir='ltr'><strong>scholia</strong></span> <span class='ocrx_word' id='word_1_175' title='bbox 573 3109 607 3170; x_wconf 92' lang='lat' dir='ltr'><strong>iu</strong></span> <span class='ocrx_word' id='word_1_176' title='bbox 623 3129 663 3171; x_wconf 88' lang='lat' dir='ltr'><strong>ea</strong></span> <span class='ocrx_word' id='word_1_177' title='bbox 678 3109 825 3173; x_wconf 88' lang='lat' dir='ltr'><strong>scribere</strong></span> <span class='ocrx_word' id='word_1_178' title='bbox 838 3111 996 3193; x_wconf 85' lang='lat' dir='ltr'><strong>potuisse,</strong></span> <span class='ocrx_word' id='word_1_179' title='bbox 1019 3125 1156 3189; x_wconf 90' lang='lat' dir='ltr'><strong>quorum</strong></span> <span class='ocrx_word' id='word_1_180' title='bbox 1168 3104 1277 3168; x_wconf 83' lang='lat' dir='ltr'><strong>nullus</strong></span> <span class='ocrx_word' id='word_1_181' title='bbox 1288 3111 1434 3167; x_wconf 85' lang='lat' dir='ltr'><strong>veterum</strong></span> 
     </span>
     <span class='ocr_line' id='line_1_25' title="bbox 295 3216 1436 3303; baseline 0 -25"><span class='ocrx_word' id='word_1_182' title='bbox 295 3217 492 3282; x_wconf 89' lang='lat' dir='ltr'><strong>mentionem</strong></span> <span class='ocrx_word' id='word_1_183' title='bbox 514 3219 616 3283; x_wconf 81' lang='lat' dir='ltr'><strong>faciat</strong></span> <span class='ocrx_word' id='word_1_184' title='bbox 637 3219 858 3302; x_wconf 71' lang='lat' dir='ltr'><strong>anteHodegi</strong></span> <span class='ocrx_word' id='word_1_185' title='bbox 877 3217 1096 3303; x_wconf 80' lang='lat' dir='ltr'><strong>scriptorem?</strong></span> <span class='ocrx_word' id='word_1_186' title='bbox 1124 3216 1211 3281; x_wconf 83' lang='lat' dir='ltr'><strong>Esse</strong></span> <span class='ocrx_word' id='word_1_187' title='bbox 1232 3218 1331 3300; x_wconf 84' lang='lat' dir='ltr'><strong>igitur</strong></span> <span class='ocrx_word' id='word_1_188' title='bbox 1352 3216 1436 3288; x_wconf 86' lang='lat' dir='ltr'><strong>haec</strong></span> 
     </span>
     <span class='ocr_line' id='line_1_26' title="bbox 296 3325 1436 3413; baseline 0 -23"><span class='ocrx_word' id='word_1_189' title='bbox 296 3325 484 3408; x_wconf 83' lang='lat' dir='ltr'><strong>mendacia,</strong></span> <span class='ocrx_word' id='word_1_190' title='bbox 514 3349 599 3411; x_wconf 88' lang='lat' dir='ltr'><strong>quae</strong></span> <span class='ocrx_word' id='word_1_191' title='bbox 629 3330 770 3413; x_wconf 82' lang='lat' dir='ltr'><strong>probent</strong></span> <span class='ocrx_word' id='word_1_192' title='bbox 792 3337 961 3394; x_wconf 83' lang='lat' dir='ltr'><strong>auctorem</strong></span> <span class='ocrx_word' id='word_1_193' title='bbox 984 3350 1060 3394; x_wconf 85' lang='lat' dir='ltr'><strong>esse</strong></span> <span class='ocrx_word' id='word_1_194' title='bbox 1082 3327 1224 3392; x_wconf 85' lang='lat' dir='ltr'><strong>Graciae</strong></span> <span class='ocrx_word' id='word_1_195' title='bbox 1244 3329 1436 3392; x_wconf 81' lang='lat' dir='ltr'><strong>recentioris</strong></span> 
     </span>
     <span class='ocr_line' id='line_1_27' title="bbox 297 3431 1445 3522; baseline 0 -22"><span class='ocrx_word' id='word_1_196' title='bbox 297 3444 332 3500; x_wconf 86' lang='lat' dir='ltr'><strong>et</strong></span> <span class='ocrx_word' id='word_1_197' title='bbox 351 3431 535 3520; x_wconf 79' lang='lat' dir='ltr'><strong>mendacis,</strong></span> <span class='ocrx_word' id='word_1_198' title='bbox 567 3442 623 3522; x_wconf 91' lang='lat' dir='ltr'><strong>qui</strong></span> <span class='ocrx_word' id='word_1_199' title='bbox 644 3451 720 3506; x_wconf 87' lang='lat' dir='ltr'><strong>ante</strong></span> <span class='ocrx_word' id='word_1_200' title='bbox 742 3462 772 3505; x_wconf 81' lang='lat' dir='ltr'><strong>a</strong></span> <span class='ocrx_word' id='word_1_201' title='bbox 798 3441 882 3504; x_wconf 72' lang='lat'>1020</span> <span class='ocrx_word' id='word_1_202' title='bbox 904 3461 963 3504; x_wconf 89' lang='lat' dir='ltr'><strong>seu</strong></span> <span class='ocrx_word' id='word_1_203' title='bbox 985 3439 1152 3504; x_wconf 76' lang='lat' dir='ltr'><strong>saeculum</strong></span> <span class='ocrx_word' id='word_1_204' title='bbox 1174 3438 1379 3502; x_wconf 87' lang='lat' dir='ltr'><strong>undecimum</strong></span> <span class='ocrx_word' id='word_1_205' title='bbox 1403 3441 1445 3500; x_wconf 88' lang='lat' dir='ltr'><strong>et</strong></span> 
     </span>
     <span class='ocr_line' id='line_1_28' title="bbox 297 3547 1437 3635; baseline 0.001 -24"><span class='ocrx_word' id='word_1_206' title='bbox 297 3547 490 3628; x_wconf 77' lang='lat' dir='ltr'><strong>obscurum,</strong></span> <span class='ocrx_word' id='word_1_207' title='bbox 522 3552 556 3613; x_wconf 93' lang='lat' dir='ltr'><strong>in</strong></span> <span class='ocrx_word' id='word_1_208' title='bbox 586 3573 652 3634; x_wconf 85' lang='lat' dir='ltr'><strong>quo</strong></span> <span class='ocrx_word' id='word_1_209' title='bbox 676 3550 834 3635; x_wconf 82' lang='lat' dir='ltr'><strong>judicium</strong></span> <span class='ocrx_word' id='word_1_210' title='bbox 864 3551 988 3614; x_wconf 85' lang='lat' dir='ltr'><strong>nullum</strong></span> <span class='ocrx_word' id='word_1_211' title='bbox 1014 3553 1116 3616; x_wconf 79' lang='lat' dir='ltr'><strong>fuerit</strong></span> <span class='ocrx_word' id='word_1_212' title='bbox 1138 3560 1172 3614; x_wconf 90' lang='lat' dir='ltr'><strong>et</strong></span> <span class='ocrx_word' id='word_1_213' title='bbox 1193 3552 1301 3614; x_wconf 87' lang='lat' dir='ltr'><strong>omnia</strong></span> <span class='ocrx_word' id='word_1_214' title='bbox 1315 3611 1317 3613; x_wconf 82' lang='grc'><strong>,</strong></span> <span class='ocrx_word' id='word_1_215' title='bbox 1330 3548 1437 3612; x_wconf 86' lang='lat' dir='ltr'><strong>indis-</strong></span> 
     </span>
     <span class='ocr_line' id='line_1_29' title="bbox 297 3658 1436 3746; baseline 0 -24"><span class='ocrx_word' id='word_1_216' title='bbox 297 3661 489 3724; x_wconf 87' lang='lat' dir='ltr'><strong>criminatim</strong></span> <span class='ocrx_word' id='word_1_217' title='bbox 502 3660 589 3726; x_wconf 88' lang='lat' dir='ltr'><strong>bona</strong></span> <span class='ocrx_word' id='word_1_218' title='bbox 600 3661 916 3742; x_wconf 83' lang='lat' dir='ltr'><strong>malaadmissasint‚</strong></span> <span class='ocrx_word' id='word_1_219' title='bbox 929 3663 1074 3728; x_wconf 87' lang='lat' dir='ltr'><strong>scribere</strong></span> <span class='ocrx_word' id='word_1_220' title='bbox 1081 3665 1144 3726; x_wconf 89' lang='lat' dir='ltr'><strong>iste</strong></span> <span class='ocrx_word' id='word_1_221' title='bbox 1153 3661 1390 3746; x_wconf 79' lang='lat' dir='ltr'><strong>conpotuerit“</strong></span> <span class='ocrx_word' id='word_1_222' title='bbox 1400 3658 1436 3742; x_wconf 54' lang='grc' dir='ltr'><strong>θ).</strong></span> 
     </span>
    </p>
   </div>
   <div class='ocr_carea' id='block_1_4' title="bbox 296 4084 1437 4531">
    <p class='ocr_par' dir='ltr' id='par_1_6' title="bbox 296 4084 1437 4328">
     <span class='ocr_line' id='line_1_30' title="bbox 366 4084 1435 4156; baseline -0.002 -18"><span class='ocrx_word' id='word_1_223' title='bbox 366 4088 388 4155; x_wconf 87' lang='lat'><strong>¹)</strong></span> <span class='ocrx_word' id='word_1_224' title='bbox 406 4090 483 4140; x_wconf 86' lang='lat' dir='ltr'><strong>Haec</strong></span> <span class='ocrx_word' id='word_1_225' title='bbox 500 4084 631 4153; x_wconf 79' lang='lat' dir='ltr'><strong>Loquicni</strong></span> <span class='ocrx_word' id='word_1_226' title='bbox 648 4089 734 4140; x_wconf 83' lang='lat' dir='ltr'><strong>verba</strong></span> <span class='ocrx_word' id='word_1_227' title='bbox 752 4088 807 4156; x_wconf 84' lang='lat' dir='ltr'><strong>(ex</strong></span> <span class='ocrx_word' id='word_1_228' title='bbox 834 4087 894 4150; x_wconf 88' lang='lat' dir='ltr'><strong>ejus</strong></span> <span class='ocrx_word' id='word_1_229' title='bbox 913 4087 984 4153; x_wconf 89' lang='lat' dir='ltr'><strong>Opp.</strong></span> <span class='ocrx_word' id='word_1_230' title='bbox 1003 4087 1030 4140; x_wconf 80' lang='lat' dir='ltr'><strong>S.</strong></span> <span class='ocrx_word' id='word_1_231' title='bbox 1050 4087 1147 4142; x_wconf 86' lang='lat' dir='ltr'><strong>Joanu.</strong></span> <span class='ocrx_word' id='word_1_232' title='bbox 1165 4088 1243 4138; x_wconf 81' lang='lat' dir='ltr'><strong>Dana.</strong></span> <span class='ocrx_word' id='word_1_233' title='bbox 1263 4086 1328 4138; x_wconf 89' lang='lat' dir='ltr'><strong>edit.</strong></span> <span class='ocrx_word' id='word_1_234' title='bbox 1346 4087 1435 4138; x_wconf 84' lang='lat' dir='ltr'><strong>Paris.</strong></span> 
     </span>
     <span class='ocr_line' id='line_1_31' title="bbox 298 4180 1437 4248; baseline -0.003 -15"><span class='ocrx_word' id='word_1_235' title='bbox 298 4185 373 4234; x_wconf 74' lang='grc'><strong>1771.</strong></span> <span class='ocrx_word' id='word_1_236' title='bbox 393 4188 457 4233; x_wconf 88' lang='lat' dir='ltr'><strong>tom.</strong></span> <span class='ocrx_word' id='word_1_237' title='bbox 476 4183 496 4232; x_wconf 89' lang='lat'><strong>1.</strong></span> <span class='ocrx_word' id='word_1_238' title='bbox 515 4197 541 4247; x_wconf 87' lang='lat' dir='ltr'><strong>p.</strong></span> <span class='ocrx_word' id='word_1_239' title='bbox 561 4181 631 4248; x_wconf 79' lang='grc'>661)</span> <span class='ocrx_word' id='word_1_240' title='bbox 649 4185 709 4246; x_wconf 83' lang='lat' dir='ltr'><strong>ipae</strong></span> <span class='ocrx_word' id='word_1_241' title='bbox 727 4180 852 4231; x_wconf 86' lang='lat' dir='ltr'><strong>Oudinus</strong></span> <span class='ocrx_word' id='word_1_242' title='bbox 874 4181 976 4246; x_wconf 84' lang='lat' dir='ltr'><strong>allegat</strong></span> <span class='ocrx_word' id='word_1_243' title='bbox 1000 4197 1050 4231; x_wconf 90' lang='lat' dir='ltr'><strong>uec</strong></span> <span class='ocrx_word' id='word_1_244' title='bbox 1072 4186 1163 4230; x_wconf 87' lang='lat' dir='ltr'><strong>tamen</strong></span> <span class='ocrx_word' id='word_1_245' title='bbox 1187 4197 1204 4230; x_wconf 92' lang='lat' dir='ltr'><strong>a</strong></span> <span class='ocrx_word' id='word_1_246' title='bbox 1226 4184 1362 4232; x_wconf 86' lang='lat' dir='ltr'><strong>sententia</strong></span> <span class='ocrx_word' id='word_1_247' title='bbox 1386 4194 1437 4231; x_wconf 87' lang='lat' dir='ltr'><strong>sua</strong></span> 
     </span>
     <span class='ocr_line' id='line_1_32' title="bbox 296 4276 1400 4328; baseline -0.005 0"><span class='ocrx_word' id='word_1_248' title='bbox 296 4276 406 4328; x_wconf 86' lang='lat' dir='ltr'><strong>recedit.</strong></span> <span class='ocrx_word' id='word_1_249' title='bbox 1398 4279 1400 4284; x_wconf 86' lang='grc'><strong>“</strong></span> 
     </span>
    </p>

    <p class='ocr_par' dir='ltr' id='par_1_7' title="bbox 366 4369 1333 4437">
     <span class='ocr_line' id='line_1_33' title="bbox 366 4369 1333 4437; baseline -0.005 -15"><span class='ocrx_word' id='word_1_250' title='bbox 366 4371 390 4437; x_wconf 86' lang='lat'><strong>²)</strong></span> <span class='ocrx_word' id='word_1_251' title='bbox 407 4370 461 4422; x_wconf 80' lang='lat' dir='ltr'><strong>vid.</strong></span> <span class='ocrx_word' id='word_1_252' title='bbox 479 4385 564 4435; x_wconf 86' lang='lat' dir='ltr'><strong>supra</strong></span> <span class='ocrx_word' id='word_1_253' title='bbox 580 4385 642 4436; x_wconf 76' lang='lat' dir='ltr'><strong>pag.</strong></span> <span class='ocrx_word' id='word_1_254' title='bbox 662 4372 696 4421; x_wconf 77' lang='lat' dir='ltr'><strong>at</strong></span> <span class='ocrx_word' id='word_1_255' title='bbox 714 4376 742 4420; x_wconf 91' lang='lat' dir='ltr'><strong>et</strong></span> <span class='ocrx_word' id='word_1_256' title='bbox 760 4371 801 4420; x_wconf 80' lang='lat'><strong>27.</strong></span> <span class='ocrx_word' id='word_1_257' title='bbox 905 4370 928 4436; x_wconf 86' lang='lat'><strong>⁸)</strong></span> <span class='ocrx_word' id='word_1_258' title='bbox 948 4369 1046 4420; x_wconf 86' lang='lat' dir='ltr'><strong>Oudin.</strong></span> <span class='ocrx_word' id='word_1_259' title='bbox 1066 4374 1130 4421; x_wconf 89' lang='lat' dir='ltr'><strong>tom.</strong></span> <span class='ocrx_word' id='word_1_260' title='bbox 1149 4369 1184 4419; x_wconf 91' lang='lat'><strong>11.</strong></span> <span class='ocrx_word' id='word_1_261' title='bbox 1203 4369 1254 4420; x_wconf 85' lang='lat' dir='ltr'><strong>coi.</strong></span> <span class='ocrx_word' id='word_1_262' title='bbox 1275 4369 1333 4418; x_wconf 78' lang='lat'><strong>562.</strong></span> 
     </span>
    </p>

    <p class='ocr_par' dir='ltr' id='par_1_8' title="bbox 366 4461 1331 4531">
     <span class='ocr_line' id='line_1_34' title="bbox 366 4461 1331 4531; baseline -0.01 -12"><span class='ocrx_word' id='word_1_263' title='bbox 366 4464 389 4530; x_wconf 76' lang='lat'><strong>⁴)</strong></span> <span class='ocrx_word' id='word_1_264' title='bbox 407 4480 467 4531; x_wconf 67' lang='lat' dir='ltr'><strong>unp.</strong></span> <span class='ocrx_word' id='word_1_265' title='bbox 486 4466 520 4516; x_wconf 76' lang='lat'><strong>22</strong></span> <span class='ocrx_word' id='word_1_266' title='bbox 537 4465 588 4516; x_wconf 87' lang='lat' dir='ltr'><strong>col.</strong></span> <span class='ocrx_word' id='word_1_267' title='bbox 608 4466 667 4516; x_wconf 76' lang='lat'><strong>289.</strong></span> <span class='ocrx_word' id='word_1_268' title='bbox 879 4521 882 4526; x_wconf 58' lang='lat'>‚</span> <span class='ocrx_word' id='word_1_269' title='bbox 908 4463 930 4530; x_wconf 80' lang='lat'><strong>⁸)</strong></span> <span class='ocrx_word' id='word_1_270' title='bbox 949 4463 1047 4516; x_wconf 85' lang='lat' dir='ltr'><strong>Oudin.</strong></span> <span class='ocrx_word' id='word_1_271' title='bbox 1065 4464 1130 4516; x_wconf 76' lang='lat' dir='ltr'><strong>tom.</strong></span> <span class='ocrx_word' id='word_1_272' title='bbox 1148 4462 1183 4514; x_wconf 87' lang='lat'><strong>11.</strong></span> <span class='ocrx_word' id='word_1_273' title='bbox 1202 4462 1255 4514; x_wconf 91' lang='lat' dir='ltr'><strong>col.</strong></span> <span class='ocrx_word' id='word_1_274' title='bbox 1273 4461 1331 4513; x_wconf 77' lang='lat'><strong>563.</strong></span> 
     </span>
    </p>
   </div>
   <div class='ocr_carea' id='block_1_5' title="bbox 0 0 1624 5217">
    <p class='ocr_par' dir='ltr' id='par_1_9' title="bbox 0 0 1624 5217">
     <span class='ocr_line' id='line_1_35' title="bbox 0 0 1624 5217; baseline 0 0"><span class='ocrx_word' id='word_1_275' title='bbox 0 0 1624 5217; x_wconf 95' lang='lat' dir='ltr'><strong> </strong></span> 
     </span>
    </p>
   </div>
  </div>
 </body>
</html>
