3225 5217
290 513 352 580 154
416 465 418 476 ’

287 687 469 752 milliarium
492 688 572 765 sito,
594 709 631 753 se
653 692 760 774 ipsum
782 690 906 756 vidisse
920 699 1078 773 testatur,
1101 690 1189 775 apud
1212 689 1245 756 S.
1262 689 1425 757 Joannem

288 800 528 888 Damascenum
551 780 669 866 citatus
688 802 726 886 ¹),
754 805 928 888 imaginem
957 804 1046 867 illam
1069 803 1102 869 S.
1125 802 1309 885 Theodori,
1339 823 1424 885 quae

288 933 308 975 a
330 911 503 977 Saracenis
524 913 676 996 perfossa
699 917 890 998 sanguinem
912 914 1069 996 fudisset,
1098 916 1190 1001 cujus
1213 919 1306 998 signa
1329 918 1427 978 etiam

289 1027 454 1088 exstantia
483 1046 521 1089 se
555 1028 622 1090 suis
658 1026 759 1090 oculis
789 1029 964 1109 aspexisse
998 1029 1126 1090 asserit
1177 1025 1271 1091 Cum
1290 1025 1426 1091 Judaeis

289 1155 421 1219 quoque
451 1136 642 1219 frequentes
671 1140 912 1202 coutroversiae
941 1138 1101 1216 habebat,
1128 1140 1163 1200 in
1191 1137 1310 1220 quihus
1339 1137 1427 1200 illam

289 1267 362 1310 cum
386 1245 516 1312 Judaeo
540 1247 696 1330 quodam,
719 1251 848 1312 nomine
863 1248 1048 1326 Acolutho,
1068 1248 1261 1332 Antinopoli
1283 1249 1427 1313 habitam
1456 1295 1459 1298 ι

288 1359 408 1439 refert,
437 1361 494 1441 qui
516 1358 619 1423 Mosis
648 1359 800 1445 prodigia
826 1360 991 1425 miraculis
1013 1337 1137 1425 Christi
1167 1361 1322 1443 opposuit
1331 1357 1367 1441 ἵ),
1395 1365 1430 1421 et

289 1469 425 1533 alteram
464 1491 536 1534 cum
574 1470 703 1536 Judaeo
737 1471 881 1554 quodam
921 1492 1085 1555 anonymo
1119 1469 1162 1535 de
1200 1469 1310 1534 verbis
1346 1469 1428 1537 illis:

289 1581 482 1662 „Faciamus
505 1583 690 1647 hominen‘t
713 1581 810 1667 (Gen.
835 1586 870 1664 l,
895 1584 951 1665 26)
963 1581 1000 1668 ³).
1042 1582 1094 1646 Eo
1124 1590 1234 1646 autem
1266 1565 1332 1664 quo
1354 1580 1429 1644 Ho-

290 1691 409 1776 degum
432 1693 597 1758 scribebat
623 1702 773 1778 tempore
795 1698 830 1758 in
853 1715 961 1759 eremo
985 1697 1182 1759 constitutus
1204 1701 1291 1773 erat,
1321 1712 1434 1775 neque

239 1821 240 1826 ’
289 1802 445 1866 librorum
461 1805 596 1868 Petrum
619 1808 745 1890 copiam
768 1805 920 1868 habebat
964 1805 1040 1870 Hoc
1062 1805 1217 1869 discimus
1239 1825 1283 1868 ex
1302 1803 1428 1868 scholio

290 1913 450 1997 quodam,
482 1926 557 2000 cap'
572 1915 617 1978 X.
640 1914 770 2000 adjecto
795 1916 845 1980 his
867 1915 977 1980 verbis
987 1915 1030 1998 ⁴):
1064 1916 1173 1997 „Quia
1189 1915 1430 1980 haereticorum

288 2028 377 2090 natio
401 2025 444 2090 ad
466 2025 752 2110 reprehensionem
779 2025 936 2110 proclivis
967 2034 1032 2108 est,
1065 2029 1150 2090 scire
1179 2034 1328 2110 oportet,
1357 2046 1430 2106 nos,

261 2203 263 2206 .
290 2158 363 2202 eum
379 2139 412 2200 in
433 2158 542 2201 eremo
563 2157 769 2204 versaremur
785 2158 894 2220 neque
913 2136 972 2204 SS.
983 2131 1121 2202 Petrum
1137 2137 1211 2200 libri
1227 2133 1431 2222 inpromptu

291 2257 418 2327 assent,
447 2250 628 2314 sententias
657 2250 738 2313 istas
767 2247 933 2332 (Petrum)
966 2236 1011 2314 en
1041 2250 1199 2312 memoria
1233 2250 1353 2312 citasse
1388 2267 1429 2310 ac

291 2463 598 2472 m*—

360 2625 381 2690 ¹)
402 2640 439 2675 or.
459 2625 506 2675 ΙΠ.
530 2626 563 2676 de
586 2627 748 2690 imaginihus
767 2625 861 2693 (Patr.
880 2621 927 2676 Gr.
951 2625 1001 2675 Ed.
1019 2625 1104 2691 Mign.
1128 2632 1193 2677 tom.
1211 2627 1251 2697 114.
1275 2641 1302 2690 p.
1322 2624 1428 2690 139³),

200 2773 204 2780 ,
289 2721 337 2770 ubi
355 2723 395 2770 sic
417 2721 516 2771 refert:
544 2719 612 2787 „Ad
640 2724 765 2784 quartum
788 2721 823 2770 ab
841 2721 909 2770 urbe
926 2721 1061 2770 Damasco
1078 2721 1234 2771 milliarium
1258 2723 1342 2770 situm
1365 2733 1428 2771 esso

290 2818 381 2866 vicum
406 2814 555 2880 quendam,
582 2817 690 2865 nomine
714 2813 872 2879 catastam,
902 2814 949 2864 uhi
972 2829 1034 2864 esse
1055 2813 1207 2864 Ecclesiam
1231 2813 1259 2866 S.
1279 2814 1431 2878 Theodori3

292 2925 372 2974 quam
392 2909 543 2961 Saracenos
562 2913 709 2975 ingressos,
728 2899 765 2958 ibi
782 2909 929 2960 habitasse.
957 2889 1081 2970 Quadam
1098 2912 1182 2973 igitur
1199 2909 1253 2973 die,
1271 2924 1334 2959 cum
1352 2923 1430 2959 com-

290 3007 382 3071 plures
401 3004 604 3070 consedissent,
622 3019 705 3053 unum
723 3019 761 3054 ex
779 3006 812 3052 iis
831 3007 931 3068 sagitta
948 3006 975 3052 in
994 3006 1139 3070 imaginem
1157 3002 1183 3053 S.
1196 3003 1333 3053 Theodori
1350 3007 1433 3052 missa

290 3101 457 3164 perfossisse
475 3098 615 3148 humerum
634 3098 694 3160 ejus
714 3098 876 3162 dexterum,
895 3102 923 3147 ct
940 3099 1067 3169 illieo'ex
1086 3113 1118 3148 co
1136 3100 1295 3162 sanguinem
1314 3097 1432 3161 desuper

292 3195 414 3244 fliixisse.
443 3195 611 3256 Quamquam
630 3197 721 3242 autem
741 3207 833 3242 omnes
851 3191 904 3244 hoc
921 3193 1081 3242 miraculum
1099 3192 1241 3248 vidissent,
1260 3196 1290 3242 et
1306 3193 1434 3256 sagittam

291 3291 318 3339 in
337 3289 450 3338 humero
469 3290 593 3352 imaginis
612 3285 729 3338 defixam
748 3290 776 3337 ct
794 3289 955 3351 sanguinem
971 3303 1009 3337 ex
1026 3303 1059 3336 eo
1083 3287 1190 3351 susum,
1214 3285 1319 3335 nullum
1342 3277 1451 3335 tamen¹

293 3400 328 3434 ex
353 3387 386 3432 iis
410 3385 583 3447 perterritum
605 3381 651 3432 vel
678 3379 714 3432 ad
736 3384 932 3445 poenitentiam
956 3396 1118 3432 conversum
1147 3396 1208 3432 esse
1234 3394 1323 3442 neque
1350 3383 1433 3430 ctiam

291 3479 443 3529 Ecclesiam
462 3477 631 3538 deseruisse3
659 3475 708 3526 sed
725 3476 784 3526 Deo
803 3475 958 3526 vindicante
982 3477 1053 3525 iutra
1072 3490 1176 3540 paucos
1200 3474 1258 3524 dies
1281 3488 1317 3523 ex
1334 3475 1435 3538 viginti

292 3576 408 3637 quatuor
427 3572 571 3636 stirpibus,
597 3585 667 3634 quae
684 3571 855 3621 habitassent
873 3573 899 3619 in
917 3569 1057 3632 Ecclesia,
1080 3568 1217 3618 adunam
1235 3581 1327 3618 omnes
1345 3570 1433 3617 morte

292 3671 436 3732 correptos
457 3681 530 3730 esse,
563 3679 645 3730 quum
672 3679 751 3713 nemo
774 3666 880 3714 interca
902 3664 975 3712 illius
998 3663 1053 3714 loci
1075 3663 1145 3712 alius
1169 3661 1251 3711 homo
1275 3665 1433 3712 moreretur.

292 3763 370 3814 Hanc
390 3765 481 3811 autem
500 3763 644 3824 imaginem
663 3757 690 3810 S.
710 3757 847 3808 Theodori
866 3762 947 3808 etiam
966 3762 1075 3808 exstare
1094 3772 1155 3807 cum
1172 3757 1286 3807 vulnere
1310 3762 1338 3806 et
1364 3771 1433 3806 sau-

292 3858 382 3922 guinis
401 3857 455 3905 lusi
472 3857 570 3920 signis,
589 3859 671 3918 atque
690 3867 720 3904 se
738 3856 828 3918 ipsum
844 3853 919 3904 illam
936 3856 994 3904 suis
1012 3852 1099 3904 oculis
1117 3851 1245 3904 vidisse‘t

361 3950 383 4016 ²)
402 3950 472 4000 Hod.
492 3966 515 4001 c.
536 3951 576 4000 14.
596 3948 646 3999 col.
667 3949 718 3999 250
737 3947 766 3998 O.
940 3947 963 4012 ⁸)
982 3963 1065 4013 supra
1082 3963 1109 4012 p.
1130 3948 1178 3997 121
1197 3961 1254 4011 seq.

364 4043 386 4110 ⁴)
406 4044 457 4095 eol.
477 4045 526 4095 159
544 4043 573 4094 0.
603 4031 665 4094 Dici
681 4047 785 4109 nequit,
802 4043 873 4093 hanc
890 4058 998 4094 vocem:
1018 4039 1159 4114 ἐγράψαμεν
1176 4041 1297 4091 iudicare
1315 4044 1433 4104 tempus,

294 4154 346 4203 quo
365 4138 400 4188 ad
411 4141 526 4204 primam
537 4138 750 4203 disputationem
760 4137 945 4194 Alexandriae
962 4137 1094 4202 habitam,
1113 4151 1194 4201 quam
1212 4150 1244 4186 eo
1262 4136 1323 4185 loco
1340 4135 1434 4200 refert,
1499 4130 1510 4146 '

293 4235 444 4284 sententias
463 4233 574 4282 Petrum
594 4233 747 4298 descripsit
783 4233 853 4282 Nam
872 4247 905 4282 eo
922 4238 1046 4295 tempore
1064 4245 1196 4296 expresse
1214 4230 1280 4280 dicit
1302 4229 1387 4280 libros
1404 4244 1435 4280 se

295 4327 438 4391 collegisse
466 4333 546 4392 atque
570 4328 632 4378 inde
652 4327 700 4378 SS.
718 4326 831 4376 Petrum
854 4328 1011 4375 testimonia
1037 4328 1194 4389 excerpisse
1216 4324 1287 4390 (col.
1306 4324 1357 4374 150
1373 4322 1435 4388 D.).

293 4422 365 4486 Ergo
393 4418 421 4472 τὸ
440 4419 780 4495 ippddaapevreiereudum
803 4426 846 4473 est
873 4420 908 4470 ad
934 4424 1058 4485 tempus,
1088 4435 1141 4484 quo
1168 4423 1264 4470 auctor
1289 4417 1435 4483 Hodegum

295 4519 463 4583 conscripsit.
533 4567 535 4571 .
