3225 5217
283 497 344 564 itt

278 691 391 736 rursus
420 673 453 736 in
479 673 633 756 muliere,
665 695 751 759 quae
778 683 897 759 postea
924 675 989 739 init
1016 674 1123 757 facta,
1157 672 1292 757 quando
1321 672 1421 737 dixitr

281 783 502 864 „Faciamus
524 789 556 852 ei
578 786 839 872 adjutorium““:
861 786 905 851 ad
927 787 1009 854 hacc
1023 785 1112 850 nulla
1131 793 1203 850 crat
1219 807 1287 852 vox
1300 787 1421 853 Judaei

278 917 386 981 neque
408 916 520 964 rursus
543 899 778 964 contradictio“
792 899 825 982 ¹).
841 933 884 947 -
905 899 1087 983 Distinguit
1107 910 1218 965 autem
1239 910 1355 965 auctor
1375 900 1420 980 id,

279 1009 368 1094 quod
393 1010 504 1075 estad
525 1012 698 1097 imaginem
717 1019 752 1075 et
771 1011 817 1094 id,
839 1009 932 1095 quod·
951 1021 1003 1076 est
1025 1012 1068 1075 ad
1091 1011 1334 1077 similitudinem
1357 1012 1431 1076 hoc·

280 1123 455 1207 exemplo:
470 1122 526 1206 ,Id
533 1123 674 1206 quidem,
683 1122 772 1206 quod
780 1132 833 1187 est
839 1123 881 1186 nd
889 1126 1063 1209 imaginem
1071 1123 1250 1205 Trinitatis,
1259 1127 1292 1188 in
1304 1145 1421 1190 essen-

278 1238 324 1299 tia
345 1239 558 1321 incorporcae
567 1243 612 1317 ⁸et
627 1234 840 1319 intelligentis
854 1242 888 1298 et
898 1238 1054 1299 materiae
1071 1238 1218 1320 expertis
1239 1245 1272 1299 et
1293 1238 1420 1300 incom-

278 1345 507 1432 prehensibilis
515 1348 642 1410 animae
654 1353 801 1412 nostrae:
818 1366 931 1410 omnes
939 1347 1088 1411 homines
1095 1347 1253 1412 habemus
1262 1346 1421 1412 similiter.

279 1457 448 1538 Idautem,
470 1457 560 1541 quod
572 1457 678 1522 estad
690 1457 944 1540 similitudinem,
967 1457 1206 1540 iisolihabent,
1224 1460 1420 1543 quiseip'soa

278 1579 467 1634 recrearunt
496 1589 537 1634 ea
565 1572 653 1633 vitae
681 1572 904 1651 institutione,
934 1588 1019 1653 qnae
1047 1578 1100 1635 est
1125 1581 1176 1636 ex'
1195 1573 1333 1651 virtute,
1365 1575 1421 1653 qui

277 1680 385 1746 Deum
413 1681 536 1746 habent
564 1685 597 1745 in
625 1701 662 1746 so
694 1680 945 1759 inhabitantem,
980 1691 1014 1746 et
1042 1684 1149 1768 gratia
1178 1680 1420 1764 quodammodo

278 1802 354 1859 sunt
394 1794 497 1858 veluti
530 1793 673 1874 Christi,
717 1796 750 1856 in
791 1793 962 1858 divinitate
1001 1794 1096 1858 simul
1135 1801 1170 1858 et
1209 1794 1419 1858 humanitate.

277 1906 520 1990 Propterea...
550 1905 647 1969 illud:
680 1903 735 1968 Ad
764 1907 956 1989 imaginem,
985 1912 1037 1970 est
1063 1927 1084 1969 a
1111 1904 1185 1970 Deo
1212 1913 1358 1968 creatum
1387 1913 1421 1968 et

277 2017 310 2081 in
332 2015 427 2082 nobis
449 2016 614 2098 naturale3
636 2016 717 2081 illud
740 2025 864 2080 autem:
897 2015 953 2080 Ad
974 2016 1235 2098 similitudinem,
1258 2023 1310 2081 est
1331 2018 1420 2080 vitae

277 2131 456 2209 institutio,
488 2149 573 2213 quae
602 2129 707 2194 libera
739 2128 901 2194 electione
930 2130 1125 2213 suscipitur,
1156 2136 1192 2193 et
1219 2149 1281 2212 per
1308 2129 1419 2208 vitam,

277 2259 362 2324 quae
385 2262 428 2306 ex
452 2243 573 2306 virtute
595 2243 719 2327 agitur,
748 2239 915 2304 inducitur
945 2248 979 2304 et
1006 2241 1191 2303 assumitur.
1235 2240 1419 2323 Propterea

276 2353 340 2416 hoc
361 2373 421 2417 nos
444 2353 582 2434 docens,
613 2355 765 2435 quicum
787 2351 901 2415 Verbo
923 2351 1010 2415 idem
1031 2350 1133 2415 habet
1153 2371 1288 2431 nomen,
1319 2348 1420 2413 theo-

275 2465 372 2551 logus
400 2463 547 2529 Joannes
576 2465 671 2528 dicit:
715 2464 861 2546 ,Filioli,
891 2483 977 2527 nunc
1004 2482 1116 2526 sumus
1145 2461 1204 2524 filii
1226 2461 1329 2541 Dei“,
1358 2479 1420 2545 per

275 2575 449 2662 baptisma,
463 2587 517 2660 „et
529 2576 670 2641 nondum
683 2577 926 2641 manifestatum
941 2584 1003 2656 est,
1025 2573 1104 2658 quid
1117 2576 1247 2654 erimus,
1266 2575 1420 2656 quoniam

276 2688 460 2752 videbimus
469 2709 553 2770 eum,
562 2690 657 2752 sicuti
665 2689 735 2753 est“
744 2688 781 2772 ²).
796 2688 911 2769 Vides,
917 2687 1008 2772 qnod
1017 2693 1093 2771 post
1099 2693 1247 2750 sanctum
1256 2685 1418 2768 baptisma

275 2800 354 2865 dicit
362 2802 474 2881 vitum,
483 2819 568 2883 quae
580 2821 622 2864 ex
632 2803 753 2866 virtute
767 2805 886 2887 agitur,
899 2819 1069 2886 generare,
1082 2797 1171 2883 quod
1183 2806 1235 2862 est
1246 2798 1289 2862 ad
1300 2797 1417 2862 simili-

159 2989 162 2998 ,
275 2910 440 2976 tudinem“
453 2911 488 2994 ³).
515 2911 601 2976 Hinc
612 2915 757 2998 graviter
766 2914 957 2996 perstringit
970 2931 1038 2991 cos,
1053 2912 1129 2994 „qui
1142 2911 1254 2974 insola
1263 2915 1415 2974 maneant
1453 2985 1461 2998 Ι

274 3024 385 3088 littera
407 3031 441 3088 et
462 3025 572 3090 dicant
594 3023 803 3108 corporalem*
813 3025 951 3107 piscium
967 3031 1001 3087 et
1013 3021 1181 3086 volucrum
1194 3030 1228 3086 et
1238 3022 1415 3085 bestiarum

275 3139 416 3200 omnium
446 3138 674 3200 auctoritatem
702 3155 776 3200 esse
805 3133 901 3198 illud:
939 3131 995 3197 Ad
1028 3135 1203 3219 imaginem
1236 3141 1272 3197 et
1299 3133 1417 3196 simili·

274 3247 419 3312 tudiuem
443 3249 507 3312 Dei
528 3250 562 3311 in
583 3248 714 3311 homine
722 3248 742 3284 ‘⁵
754 3245 789 3328 ⁴).
834 3245 974 3329 „Neque
1003 3247 1107 3327 enim,
1136 3247 1200 3327 ait,
1227 3244 1285 3309 illc
1315 3264 1417 3328 prae-

272 3381 388 3426 cursor
399 3359 558 3442 ·loannes,
581 3360 637 3443 qui
659 3367 712 3422 est
728 3359 833 3444 major
852 3357 1001 3422 omnibus
1024 3358 1108 3420 inter
1126 3364 1220 3447 natos
1234 3355 1415 3436 mulierum,

273 3491 381 3555 neque
394 3472 524 3550 Petrus,
546 3470 602 3534 ille
625 3490 768 3534 summus
793 3476 826 3533 ct
842 3470 1087 3551 antiquissimus
1099 3475 1217 3533 vertex
1229 3475 1416 3532 sanctorum

273 3582 532 3668 Apostolorum,
578 3580 727 3644 omnibus
768 3579 926 3644 dominati
966 3582 1072 3644 aunt“
1091 3578 1128 3661 ⁸).
1193 3578 1261 3644 Sed
1305 3597 1414 3661 neque

227 3681 231 3688 ¹
274 3693 510 3780 gloriosissima
532 3692 588 3756 illa
607 3692 672 3756 Dei
692 3699 807 3756 mater.
854 3691 949 3773 „Ubi
971 3694 1067 3771 enim,
1089 3693 1213 3774 iuquit,
1242 3691 1416 3774 imperavit

273 3805 346 3886 illa,
383 3814 441 3870 aut
470 3813 521 3870 est
550 3803 716 3868 dominata
742 3803 857 3869 bestiis
889 3811 923 3867 et
953 3802 1116 3888 piscibus,
1151 3809 1186 3866 et
1216 3801 1415 3881 volucribus,

273 3925 330 3982 aut
363 3921 537 3982 universae
572 3925 696 3999 terrae,
730 3937 816 4000 quae
848 3939 869 3981 a
900 3916 986 3980 facie
1020 3913 1164 3979 Herodis
1197 3917 1350 4001 migravit
1382 3916 1416 3977 in

273 4028 489 4116 Aegyptum?
533 4027 578 4092 Et
600 4030 690 4111 quis,
722 4026 775 4091 dic
795 4028 890 4108 milri,
917 4047 1058 4111 quaeso,
1086 4035 1144 4090 aut
1165 4047 1209 4091 ex
1232 4026 1416 4090 hominibus

343 4407 555 4474 ¹)001.oa113.
713 4405 736 4472 ²)
753 4408 774 4457 1.
794 4407 857 4459 uon.
876 4410 909 4473 a,
929 4409 951 4458 1.
1108 4405 1131 4473 ⁸)
1150 4407 1203 4458 001.
1220 4407 1271 4457 aar
1290 4403 1346 4457 co.

343 4504 365 4572 ⁴)
385 4503 436 4555 001.
456 4505 506 4556 naa
524 4501 554 4554 o.
712 4501 736 4570 ⁸)
755 4503 806 4553 001.
825 4505 877 4555 aaa
893 4503 926 4554 n.
