3225 5217
1272 476 1304 587 =a

166 698 391 787 responderit,
428 720 493 766 uon
523 706 575 764 est
603 705 815 781 compertum.
858 694 991 783 Insigne
1022 705 1149 776 antem,
1182 706 1305 780 quanto

167 811 352 880 dilectionis
361 810 494 875 uiuwlo
516 809 613 876 ambo
635 812 719 879 iuter
741 828 778 873 ae
801 810 965 893 conjuncti
986 810 1062 887 sint,
1084 786 1306 873 testimonium

168 932 290 1007 estep.
315 922 344 987 7.
367 922 421 987 lib.
448 920 491 1003 L,
514 922 607 1006 cujus
630 920 712 985 haec
734 929 812 985 sunt
832 920 953 985 verbo:
976 918 1167 1004 „Epistolas
1189 918 1306 982 Beati-

167 1032 288 1099 tudinis
312 1042 443 1099 vestrae
466 1041 502 1097 ut
523 1033 632 1099 fessus
662 1034 828 1115 requiem,
859 1031 998 1095 salutem
1028 1052 1147 1115 aeger,
1180 1029 1306 1094 iontem

167 1146 312 1233 sitiens,
329 1143 478 1207 umbram
506 1152 660 1207 aestuans
690 1146 813 1227 accepi.
857 1140 977 1224 Neque
1007 1144 1091 1206 enim
1121 1141 1177 1205 illa
1204 1140 1307 1203 verba

167 1275 227 1339 per
249 1255 393 1339 lingnam
414 1256 521 1320 earnis
539 1252 736 1325 videbantur
759 1255 930 1337 expressa,
951 1250 1013 1317 sed
1034 1254 1082 1316 sie
1105 1250 1308 1335 spiritualem

155 1386 310 1458 ¹amorem
333 1386 430 1447 quem
453 1364 605 1448 gestabat
627 1366 766 1447 aperuit,
789 1371 830 1427 ao
851 1365 879 1426 si
901 1382 993 1427 mens
1016 1382 1076 1447 per
1096 1364 1308 1445 semetipsam

100 1550 103 1557 ,
166 1476 367 1559 loqueretur.
411 1474 620 1544 Sed-durum
643 1474 740 1539 valde
762 1475 840 1554 fuit,
863 1473 954 1557 quod
975 1481 1130 1539 secutum·
1146 1481 1209 1553 est,
1230 1475 1309 1556 quia
1417 1516 1421 1521 -

167 1607 258 1654 amor
281 1594 391 1657 uester
421 1595 550 1652 terrena
572 1607 625 1651 mo
656 1594 789 1670 portare
812 1605 912 1650 onera
938 1587 1124 1669 praecepit3
1157 1593 1189 1647 et
1210 1604 1309 1667 quam

166 1702 256 1784 prius
274 1696 673 1782 spiritaliterdiligebatls,
695 1704 824 1781 postea,
846 1704 883 1759 ut
894 1697 1059 1775 existimo,
1081 1694 1308 1779 temporaliter

167 1818 315 1873 amantes
337 1828 441 1891 usque
464 1808 507 1873 ad
530 1816 651 1874 terram
673 1828 725 1871 me
748 1809 957 1891 superposito
969 1826 1069 1869 onere
1087 1807 1308 1890 depressistis,

167 1921 214 1983 ita
232 1928 269 1983 ut
284 1921 402 1983 mentia
421 1918 648 1985 rectitudinem
667 1917 815 1981 funditus
827 1916 981 2001 perdens,
1004 1916 1309 2000 contemplationis·
1408 1948 1410 1953 ·

170 2051 236 2116 que
257 2032 360 2095 aciem
384 2032 552 2110 omittens,
584 2050 649 2093 non
670 2049 732 2113 per
751 2028 946 2113 prophetiae
968 2029 1135 2111 spiritum,
1166 2026 1226 2092 sed
1247 2048 1309 2111 per

168 2143 429 2226 experimentum
450 2140 572 2207 dicam:
605 2140 826 2221 „Incurvatus
848 2159 920 2203 sum
952 2147 987 2203 et
1018 2138 1206 2202 humiliatus
1236 2160 1309 2203 sum

168 2252 432 2336 usquequaque“
454 2253 523 2330 (Ps.
548 2252 628 2332 118,
653 2251 740 2347 107}-
783 2249 899 2313 Multia
922 2251 1008 2313 enim
1031 2269 1203 2313 causarum
1224 2249 1310 2315 fluo·

166 2362 254 2427 tibus
266 2365 395 2445 quatior
419 2372 453 2427 et
474 2362 694 2427 tumultuosae
711 2364 799 2427 vitae
821 2360 1074 2446 tempestatibus
1098 2359 1242 2445 affligor,
1262 2362 1311 2423 ita

167 2482 203 2538 ut
228 2480 319 2539 recte
350 2471 472 2535 dicam:
500 2471 613 2553 „Veni
641 2474 675 2535 in
702 2470 908 2536 altitudinem
937 2473 1036 2535 maris
1065 2479 1099 2535 et
1128 2478 1309 2554 tempestas

168 2582 323 2649 demersit
345 2585 419 2647 me“
442 2584 513 2666 (Pe.
536 2584 594 2663 68,
617 2583 661 2664 3).
704 2583 910 2651 Periclitanti
931 2584 1031 2667 igitur
1051 2582 1132 2645 mihi
1153 2583 1309 2645 orationis

168 2704 301 2759 vestrae
327 2714 459 2761 manum
487 2692 629 2775 tendite,
659 2715 721 2757 vos
743 2694 801 2776 qui
827 2696 860 2757 in
883 2694 1040 2757 virtutum
1066 2692 1177 2757 littore
1203 2693 1309 2755 statis

169 2805 267 2885 Quod
295 2826 375 2869 vero
405 2824 457 2869 me
488 2825 525 2869 os
552 2803 700 2885 Domini,
734 2802 824 2887 quod
855 2803 1022 2868 lucernam
1053 2804 1179 2884 dicitis,
1218 2800 1309 2885 quod

168 2916 279 2981 multis
300 2914 461 3001 prodesse
482 2915 673 2999 perhibetis,
696 2916 759 2979 hoo
781 2936 914 2998 quoque
935 2915 1016 2978 mihi
1037 2914 1081 2977 ad
1101 2916 1310 2995 iniquitatum

169 3048 313 3091 mearum
336 3024 499 3093 cumulum
520 3024 670 3105 accedit,
693 3032 730 3089 ut
751 3046 824 3089 cum
847 3024 1005 3089 vindicari
1026 3027 1060 3088 in
1080 3045 1134 3089 me
1154 3026 1310 3106 iniquitas

171 3135 297 3217 debuit,
318 3135 433 3201 laudes
454 3157 515 3221 pro
538 3136 682 3201 vindicta
704 3138 870 3220 recipiam
909 3135 1037 3215 Quibus
1059 3144 1169 3199 antem
1191 3135 1255 3199 boc
1276 3136 1311 3206 in

169 3245 243 3313 loco
274 3255 484 3312 terenuarum
514 3268 623 3312 rerum
653 3246 845 3321 tumultibus
874 3267 1023 3332 premor,
1056 3245 1193 3329 explere
1215 3245 1311 3312 vobis

169 3378 317 3442 neque03
340 3356 429 3441 quad
446 3366 556 3423 tamen
569 3356 725 3443 colligere
738 3377 781 3421 ex
801 3358 963 3423 brevitate
978 3357 1138 3443 epistolae
1158 3358 1309 3441 potestis,

170 3542 595 3551 -ηο--α--ψαο---η-φκ-
600 3542 644 3551 —·-0
649 3543 740 3552 ..ι-ηοω,
755 3542 838 3550 --—·-·—-
844 3544 862 3549 „-
867 3544 877 3548 -
891 3544 933 3551 -.-.
939 3544 949 3551 ,.
954 3543 973 3552 ,.
987 3545 989 3548 .
999 3542 1089 3551 uu...—

168 3654 295 3721 preeibua
317 3654 426 3719 plenam
452 3653 565 3718 fecisse,
592 3657 623 3703 ut
645 3655 733 3702 virum
757 3653 946 3703 beatissimum
970 3651 1110 3703 dominum
1133 3652 1309 3703 Anastasium

169 3744 369 3816 patriarcham,¹
379 3762 509 3800 concesso
527 3762 580 3797 usu
597 3747 671 3814 palii,
690 3745 725 3796 ad
736 3746 768 3796 B.
781 3746 857 3797 Petri
865 3725 937 3811 App.
956 3748 1086 3812 principis
1097 3747 1190 3797 limina
1204 3762 1311 3797 meeum

170 3842 368 3894 celebraturum
386 3842 509 3892 solennia
525 3840 672 3891 Missurum
688 3842 873 3891 transmittere
891 3840 1064 3904 debuissent3
1091 3846 1226 3905 quatenus
1243 3844 1268 3890 sl
1286 3843 1312 3891 ei
1378 3859 1381 3866 ¹

170 3936 206 3987 ad
222 3936 315 3987 sedem
333 3948 411 3987 suam
436 3938 545 3987 minime
570 3916 671 3987 reverti
693 3936 806 4002 liceret,
831 3930 929 3986 saltem
950 3949 1058 3986 mecum
1080 3938 1109 3985 in
1131 3931 1233 3985 honore
1258 3949 1310 3985 auo

169 4033 294 4094 viveret3
311 4030 440 4095 aedquae
459 4044 544 4085 eausa
560 4031 653 4096 fucrit,
670 4034 703 4081 ut
721 4028 817 4082 eadem
834 4032 937 4094 scripta
954 4031 1109 4095 retinerem,
1126 4031 1311 4094 praesentium

168 4126 241 4176 lator
258 4125 336 4175 vobis
354 4127 514 4199 innotescet.
532 4124 619 4189 ‚Ejus
637 4128 728 4177 tamen
746 4124 839 4175 domni
856 4122 999 4174 Anastasti
1017 4126 1135 4174 animum
1153 4126 1311 4187 cognoscite

170 4224 199 4269 et
216 4219 346 4283 quidquid
365 4218 442 4269 eide
460 4219 514 4273 hac¹
529 4234 559 4268 re
571 4219 714 4285 placuerit,
732 4220 833 4271 uestris
850 4218 974 4283 epistolis
992 4218 1058 4268 mihi
1075 4216 1218 4267 indicate“.
1244 4195 1310 4277 Quis

170 4316 262 4364 autem
277 4290 363 4363 'inerit
380 4315 432 4364 iste
449 4294 628 4363 Rhisinlensis
648 4316 807 4379 epiecopus,
825 4314 959 4388 incertum
975 4311 1145 4376 relinquitur,
1164 4312 1199 4361 ef.
1217 4314 1310 4361 notam

170 4408 206 4459 ad
224 4420 392 4471 eamrvoccm
410 4410 438 4457 in
452 4406 556 4457 Patrol.
571 4406 633 4458 Lat
652 4411 716 4459 tom.
728 4410 768 4459 ti.
787 4406 916 4472 partlII.
936 4408 1030 4471 epit.
1049 4406 1095 4456 lib.
1105 4405 1126 4454 Ι.
1145 4408 1172 4455 in
1184 4407 1310 4469 registro,

169 4496 344 4568 utiuntiga.
