3225 5217
277 509 320 574 88

277 683 375 750 valde
403 685 580 770 probatur,
612 688 807 771 praesertim
837 707 937 770 quum
967 694 1116 772 tempus,
1156 708 1222 771 quo
1252 697 1420 757 auctorem

277 799 450 881 scripsisse
479 799 598 883 conjici
625 798 718 879 licet,
753 781 933 864 Anast'ssio
970 819 1047 870 meo
1080 801 1203 886 optime
1222 804 1420 866 conveniat-

275 909 322 974 Et
337 910 390 973 hic
414 908 546 991 quidem
560 907 710 974 notanda‘
722 917 799 974 sunt
814 909 929 974 verba:
961 903 1063 986 „idol
1086 905 1205 976 λοιπον
1228 901 1420 979 ἑπτακόσιοι
1438 891 1443 906 ’

197 1043 199 1046 ⁴
276 1008 430 1102 χρόι·οι““
474 1017 513 1082 In
543 1019 595 1083 his
631 1019 743 1084 verbis
779 1020 918 1084 haerent
947 1023 1136 1106 seriptores.
1187 1023 1301 1107 Atque
1335 1045 1419 1108 quae

277 1130 408 1198 Caveus
438 1129 481 1196 de
517 1132 558 1196 iis
590 1129 800 1212 disseruerit,
837 1151 936 1215 supra
952 1129 975 1214 ¹)
1009 1132 1160 1218 allegavi.
1211 1133 1384 1200 Fabricius
1392 1133 1419 1216 ²)

276 1263 357 1307 vero
376 1239 645 1324 etCeillierius³>
663 1262 723 1326 pro
743 1231 959 1318 „incenderet
977 1237 1105 1328 xperor‘
1117 1243 1292 1329 legendum
1303 1253 1421 1330 putant

277 1345 389 1434 „irrui
411 1351 467 1419 καὶ
489 1345 663 1418 attoare-
685 1351 835 1420 Oudinus
857 1352 998 1438 denique
1030 1375 1073 1420 ex
1103 1357 1142 1419 iis
1171 1357 1312 1440 probare
1343 1379 1420 1424 sus-

277 1468 378 1550 tinet,
405 1465 618 1531 Anastasium
647 1465 744 1552 hujus
774 1468 977 1548 quaestionis
1007 1476 1174 1533 auctorem
1204 1468 1336 1534 saeculo
1356 1467 1420 1532 XL

276 1579 413 1644 vixisse.
452 1578 546 1642 Dicit
568 1579 669 1658 enim,
696 1579 783 1660 „qui
804 1579 870 1642 ista
891 1576 1016 1643 scribat
1036 1580 1083 1642 ila
1103 1581 1263 1663 positive,
1285 1599 1322 1644 se
1344 1587 1421 1664 post
1455 1645 1462 1658 ,

276 1711 396 1754 aunum
424 1688 548 1756 Christi
578 1690 672 1752 1000.
702 1690 829 1754 vixisse
862 1694 963 1772 atque
998 1692 1169 1773 scripsisse
1200 1689 1419 1772 indicare“⁴).

275 1800 437 1868 Nimirum
472 1799 621 1866 Oudimrs
658 1802 766 1865 omnia
800 1799 911 1868 audet.
963 1799 1148 1886 Scriptores
1186 1823 1267 1887 ergo
1303 1805 1336 1868 in
1369 1803 1419 1866 his

276 1912 387 1978 verbis
416 1914 548 1977 minime
576 1914 782 1977 conveniunt
827 1911 916 1991 Quid
941 1914 1042 1998 igitur
1073 1911 1247 1981 dicendum
1268 1913 1420 1982 videtur?

277 2022 396 2120 lictori
424 2025 573 2108 inprimis
602 2022 698 2104 volo,
727 2023 811 2088 haee
832 2021 950 2088 verba:
985 2017 1059 2089 isloi
1087 2018 1203 2092 λοιπὸν
1223 2012 1420 2092 intexuimus

279 2124 390 2219 χρόνοι
427 2136 526 2200 etiam
559 2136 631 2221 ejus
666 2155 757 2217 esse,
784 2141 896 2219 ‘quem
929 2135 1010 2200 lacit
1043 2141 1158 2200 auctor
1190 2134 1419 2219 disputantem.

277 2246 455 2325 Quaeritur
475 2255 602 2327 autem,
633 2244 720 2310 unde
750 2246 785 2310 hi
812 2249 888 2312 anni
915 2248 1114 2330 septingenti
1142 2247 1267 2312 initium
1291 2247 1419 2312 ducant.

275 2355 389 2440 Atque
411 2377 511 2440 quum
533 2358 712 2442 disputatio
733 2356 959 2422 Alexandriae
980 2358 1070 2422 facta
1091 2359 1135 2422 sit
1156 2357 1198 2424 ab
1228 2357 1415 2424 orthodoxo

276 2467 419 2553 quodam
441 2489 514 2532 cum
536 2467 724 2536 Severianis
746 2477 780 2533 et
802 2467 965 2553 Gajanitis
988 2476 1022 2532 et
1044 2468 1331 2553 Barsanuphianis,
1355 2468 1415 2532 hos

276 2601 379 2646 annos
406 2582 636 2666 septingentos
660 2600 727 2646 non
748 2581 915 2656 numerari
940 2582 1112 2662 existimo,
1142 2600 1250 2663 neque
1279 2601 1300 2644 a
1328 2577 1419 2644 Con·-

266 2695 420 2786 stantino
456 2692 522 2773 il,
538 2713 663 2777 ,neque
697 2690 739 2756 ab
772 2691 904 2758 Arianis
939 2690 1089 2776 expulsis
1120 2693 1207 2756 circa
1238 2712 1323 2756 anno
1346 2691 1420 2756 ets.

276 2802 455 2870 seeundum
488 2801 720 2887 Fabricium⁶).
771 2802 847 2868 Hac
881 2805 967 2870 enim
1000 2805 1126 2870 ratione
1161 2802 1438 2886 disputationem·

275 2915 380 2980 fuisse
391 2924 586 2999 sequeretur
601 2915 700 3001 longe
716 2923 795 3001 post
809 2937 927 2980 annum
944 2910 1166 2996 millesimum,
1185 2935 1251 2998 quo
1269 2923 1419 3000 tempore

276 3049 353 3092 num
369 3027 434 3092 ulli
450 3027 520 3113 jam
548 3029 770 3113 superfuerint
797 3037 856 3092 aut
878 3026 1050 3094 Severiani
1080 3034 1137 3092 aut
1160 3024 1333 3111 Gajanitae
1362 3034 1420 3090 aut

276 3137 549 3224 Barsanuphiaui,
572 3138 724 3222 equidem
746 3138 846 3204 valde
871 3138 995 3205 dubito.
1029 3138 1097 3206 Sed
1115 3159 1224 3221 neque
1243 3137 1419 3223 legendum

243 3319 248 3325 ,
275 3249 355 3330 mihi
383 3249 515 3317 videtur
542 3242 658 3333 „e‘rrroi
687 3247 744 3314 καὶ
780 3243 933 3332 ιῗκοοι“;
969 3271 1045 3316 nam
1079 3259 1157 3314 tunc
1192 3251 1310 3316 fierent
1344 3251 1420 3313 anni

276 3364 405 3437 nonnisi
437 3361 483 3426 ad
509 3383 670 3434 summum
700 3361 932 3448 quadringenti
966 3371 999 3428 et
1028 3363 1125 3446 pauci
1160 3361 1317 3446 amplius,
1352 3382 1418 3445 quo

275 3482 427 3560 tempore
462 3474 621 3540 haeretici
652 3472 814 3558 praedicti
859 3472 1003 3540 noudum
1038 3475 1219 3544 exstitere:
1259 3472 1420 3540 Severum

278 3588 362 3650 enirn
391 3585 525 3652 saeculo
552 3592 652 3650 sexto
680 3569 844 3672 prodiisse
866 3588 988 3670 optime
1016 3592 1129 3651 notum
1159 3592 1219 3650 est.
1255 3569 1417 3650 ¹Forsitan

276 3697 448 3764 Fabricius
484 3703 519 3761 et
546 3695 748 3779 Ceillierius,
782 3704 820 3760 ut
855 3699 902 3760 ita
931 3695 1108 3783 legendum
1144 3699 1229 3762 esse
1254 3704 1418 3780 putarent,

276 3812 358 3877 moti
384 3810 451 3874 sint
466 3828 525 3879 ,ex
556 3828 614 3888 eo,
650 3807 740 3892 quod
775 3807 877 3893 paulo
906 3816 983 3874 ante
1011 3808 1145 3890 dicitur,
1174 3808 1317 3872 Arianos
1344 3807 1418 3872 loca

277 3927 391 4001 sancta
410 3922 557 4000 tenuisse
578 3912 645 4007 uod
668 3914 788 4007 ὀλίγων
809 3909 948 4008 χρόνον,
981 3921 1181 4006 septingenti
1210 3927 1320 3986 autem
1341 3920 1420 3992 anni

1064 4150 1417 4162 ---....-.-.-—--—-——-

238 4287 242 4295 ’
346 4298 370 4364 ²)
388 4297 443 4348 rid
461 4277 524 4365 pag.
547 4301 588 4350 74.
615 4365 620 4374 ⁴
744 4251 1183 4365 ¹)vid.Notit.ipEdit.-Mlgm
1203 4299 1321 4362 colli,
1342 4297 1381 4348 18.
1409 4291 1424 4308 “

255 4408 259 4417 “
348 4393 370 4466 ξ)
389 4392 518 4460 ceillier,
535 4393 554 4444 1.
572 4410 596 4444 ο.
613 4409 678 4460 pag.
696 4395 757 4446 400.
863 4392 886 4460 ⁸)
905 4392 1004 4444 Oudiu.
1022 4397 1087 4444 tom.
1106 4393 1141 4444 ΙΙ.
1160 4393 1212 4444 οο1.
1231 4393 1312 4445 080..

317 4551 323 4560 .
348 4485 370 4555 ⁸)
389 4487 442 4540 col.
461 4491 509 4555 l'l,
528 4491 569 4542 18.
