3225 5217
1297 521 1338 588 60

281 689 358 756 dam
393 711 474 756 vero
504 690 693 774 videamus,
726 714 769 758 an
795 693 921 777 aliquid
950 692 992 758 de
1019 694 1196 758 Anastasio
1225 702 1339 758 nostro

196 824 240 869 ex
263 804 327 868 lroc
348 824 499 868 sermone
521 825 638 870 eruere
664 807 838 889 possimus
882 805 934 868 Ac
956 809 1173 890 comperimus
1197 806 1339 890 quidem,

197 913 408 978 Anastasium
430 923 577 980 nostrum
600 918 697 980 etiem
720 925 798 1000 post
820 937 849 996 u.
866 917 947 980 700..
961 918 995 980 in
1017 919 1103 982 vivis
1125 918 1238 998 luisse,
1262 917 1339 982 dum

52 1078 55 1087 .
194 1026 299 1090 refert
325 1027 433 1091 Deum
461 1025 505 1091 ob
532 1035 664 1092 sextam
692 1030 934 1092 oecumenicum
964 1027 1126 1112 synodum
1157 1029 1218 1094 sub
1249 1027 1340 1095 Con·-

194 1139 338 1201 stantino
372 1139 545 1222 Pogonato
578 1123 607 1200 a'.
637 1139 710 1202 080.
746 1138 908 1219 habitam,
948 1159 1009 1223 per
1036 1142 1153 1225 viginti
1182 1161 1340 1204 annorum

194 1250 335 1333 spatium
349 1249 373 1332 ¹)
395 1249 535 1314 sulutem
558 1257 592 1314 et
612 1270 728 1333 pace·
750 1250 881 1333 populis
895 1249 1089 1316 Christianis
1111 1249 1339 1335 restituissel).
1388 1323 1392 1330 ,

280 1360 336 1424 le
358 1360 422 1424 lroc
444 1359 518 1424 loco
546 1360 729 1446 colligitur,
758 1361 981 1447 longissimam
1004 1362 1215 1426 Anastasium
1238 1365 1339 1426 vitam

194 1472 341 1537 duxisse.
372 1471 481 1551 Quum
504 1474 590 1536 enim
608 1473 677 1556 jam
698 1471 852 1536 claruerit
874 1480 950 1536 ente
972 1494 1001 1536 a
1014 1474 1087 1554 640,
1110 1493 1176 1556 quo
1191 1482 1339 1558 tempore

194 1601 268 1648 eum
297 1585 472 1649 haereticis
500 1581 727 1648 Alexandriae
756 1584 962 1667 disputabat,
997 1605 1135 1649 neeesse
1165 1595 1233 1666 est,
1265 1605 1339 1650 eum

189 1695 260 1780 jam
294 1703 373 1759 tunc
408 1716 526 1780 magna
562 1698 759 1760 auctoritate
796 1695 975 1779 polluisse,
1021 1698 1082 1760 etsi
1126 1695 1236 1761 dicere
1274 1719 1339 1762 non

194 1819 389 1890 possumus,
420 1827 493 1871 eum
518 1808 587 1892 jam
609 1815 688 1871 tunc
709 1806 916 1874 sacerdotem
940 1807 1053 1872 fuisse.
1097 1806 1175 1892 Ipse
1199 1811 1339 1873 enimin

194 1917 417 2002 disputatione
455 1938 515 1982 sua
551 1940 590 1983 se
627 1918 733 1982 solum
767 1917 961 1982 monachum
997 1919 1179 2003 profitetur.
1237 1919 1337 2005 Apud

194 2027 342 2094 Graecos
368 2038 478 2094 autem
505 2031 574 2114 jam
604 2051 726 2115 pueros
754 2030 808 2095 vel
838 2030 951 2096 decem
980 2051 1137 2095 annorum
1160 2032 1337 2096 monachos

191 2141 264 2204 fieri
285 2143 434 2225 potuisse
455 2150 566 2208 notum
589 2151 650 2208 cst
694 2141 812 2225 Itaque
835 2145 863 2208 si
884 2163 1063 2227 ponamus,
1094 2163 1168 2207 enm
1199 2145 1286 2208 circa
1308 2165 1337 2207 a.

192 2254 267 2316 010.
279 2261 391 2317 natum
411 2254 527 2333 luisse,
546 2239 705 2337 sequitur,
722 2273 796 2318 eum
816 2275 936 2318 annum
953 2256 1081 2319 circiter
1091 2256 1336 2339 nonagesimum

193 2367 354 2449 attigisse.
397 2365 548 2450 Longam
576 2373 687 2428 autem
709 2364 878 2430 Anastasii
907 2368 1008 2430 vitam
1036 2374 1229 2450 argumento
1261 2385 1336 2430 meo

194 2475 326 2542 obstare
334 2497 399 2541 non
409 2497 509 2561 posse
516 2483 619 2562 patet,
633 2480 827 2561 praesertim
838 2499 937 2560 quum
952 2476 1039 2540 idem
1056 2480 1128 2562 ipse
1137 2497 1241 2542 annus
1256 2497 1336 2561 sep·
1393 2523 1394 2528 η

191 2590 440 2674 tingentesimus
469 2589 587 2653 iterum
614 2590 799 2671 iterumque
831 2590 864 2651 in
893 2587 1150 2668 Quaestionibus
1177 2595 1214 2652 et
1243 2587 1335 2652 libris

191 2698 366 2764 duodecim
386 2702 421 2765 in
442 2699 676 2774 Hexaemeron
698 2709 864 2781 occurrat,
887 2702 934 2764 uti
953 2702 1022 2764 suis
1040 2697 1122 2764 locis
1141 2698 1335 2764 videbimus.

277 2809 432 2876 Forsitan
452 2820 563 2876 autem
583 2812 732 2901 nemete
753 2834 791 2877 re
814 2814 891 2892 erit,
914 2819 1137 2895 quaeauctor
1154 2811 1196 2876 de
1212 2810 1334 2876 Mono-

190 2922 367 2988 tlreleticae
388 2923 535 2988 haeresis
553 2931 628 2988 ortu
645 2931 747 3008 atque
764 2924 974 2988 damnatione
992 2932 1118 3006 narret,
1141 2924 1212 3008 ejus
1230 2924 1334 3008 ipsius

190 3034 302 3099 verbis
323 3034 389 3098 lruc
408 3033 564 3120 allegare.
608 3033 732 3102 Scribit
752 3037 867 3119 itaque
879 3034 922 3118 ³):

277 3144 378 3226 „Non
410 3123 487 3210 sunt
526 3145 679 3229 loquelae
715 3167 824 3231 neque
863 3166 1047 3228 sermones,
1089 3167 1228 3230 quorum
1268 3167 1332 3212 non

189 3256 363 3322 audiuntur
384 3277 500 3322 voces:
531 3257 591 3324 sed
618 3260 651 3322 in
674 3279 803 3323 omnem
825 3266 946 3324 terram
969 3260 1074 3323 exivit
1095 3279 1196 3324 sonus
1218 3279 1331 3324 eorum

190 3376 226 3434 et
243 3370 278 3432 in
298 3368 382 3434 fines
404 3369 494 3433 orbis
515 3378 623 3436 terrae
644 3369 749 3435 verba
770 3391 899 3434 eorum:
923 3363 1060 3451 eorum,
1075 3372 1222 3454 inquam,
1245 3371 1331 3435 Per-

189 3500 298 3543 sarum
319 3478 610 3564 Romanorumque
631 3484 861 3563 certaminum,
885 3483 1193 3546 oum'viotoriosum
1216 3479 1331 3548 Crucis

188 3599 359 3675 tropaeum
370 3591 481 3656 divino
493 3591 657 3678 adjutorio
672 3614 745 3657 cnm
758 3592 915 3657 Heraclio
929 3591 1131 3677 Imperatore
1144 3591 1330 3657 Jerusalem

59 3734 66 3743 ·
187 3722 356 3767 reversum
380 3711 440 3768 eet
482 3701 548 3767 Hic
569 3723 649 3768 vero
666 3703 806 3768 Romani
828 3705 956 3788 imperii
979 3720 1018 3766 eo
1041 3711 1190 3788 tempore
1212 3700 1330 3766 mode-

186 3820 278 3878 rator
305 3811 500 3895 Heraclius,
529 3835 603 3878 eum
624 3824 702 3899 post
724 3813 912 3880 Chaldaeos
936 3815 1125 3897 Persasque
1156 3809 1329 3898 superatos

255 4240 279 4307 ¹)
297 4235 339 4292 tri
357 4237 436 4292 tironi
453 4238 568 4314 χρίνους.

254 4334 435 4400 ι)οοΙ.11110
453 4337 485 4386 D.
520 4335 583 4388 Vid.
602 4352 672 4402 quae
690 4352 755 4388 mox
778 4353 815 4388 ex
839 4341 950 4388 auctore
978 4339 1038 4402 lpse
1061 4336 1096 4389 de
1115 4337 1329 4389 Monotheletioa

183 4428 293 4495 haeresi
311 4428 477 4495 allegantur,
496 4446 559 4497 pag.
580 4432 620 4483 72.

255 4522 278 4589 ¹)
296 4525 347 4576 col.
368 4524 436 4576 1164
454 4539 529 4590 sequ.
