3225 5217
286 511 349 576 114

282 684 470 750 affectus...
483 729 491 745 .
515 681 664 767 Cumque
683 684 857 766 omniaque
872 682 1063 766 speculatus
1078 685 1169 746 esset
1180 701 1221 744 ac
1238 679 1423 760 lustrasset,

281 797 397 879 utqui
420 795 515 862 simul
537 796 581 860 sit
604 801 638 860 et
665 794 827 878 malignus
854 802 889 858 et
914 793 1063 876 invidus,
1091 791 1208 858 frande
1237 813 1298 861 sua
1319 790 1424 855 valuit

281 906 449 972 mulierem
471 927 491 970 a
512 908 585 970 viro
607 905 783 987 seducere,
813 886 952 989 eamque
973 926 1046 970 cum
1068 906 1254 988 accepisset
1275 923 1423 968 seorsum

281 1027 434 1104 agentem
455 1039 495 1083 ac
517 1028 702 1102 separatam
725 1017 905 1102 decepit“.'
921 1017 1049 1097 Quibus
1063 1016 1207 1106 conferri
1226 1015 1314 1097 lieet,
1336 1033 1422 1097 quae

281 1152 381 1216 supra
392 1132 415 1210 ¹)
439 1151 483 1194 ex
502 1129 644 1214 Hodego
667 1131 771 1214 capt
793 1131 891 1213 posui
913 1129 955 1194 de
977 1127 1109 1193 diabolo
1131 1127 1310 1208 invidente,
1331 1124 1422 1210 quod

281 1242 379 1308 homo
401 1251 491 1308 esset
513 1263 573 1306 rex
597 1244 794 1306 constitutus
816 1262 916 1325 super
939 1261 1041 1325 opera
1061 1261 1214 1304 manuum
1234 1239 1299 1304 Dei
1311 1237 1348 1322 ²).

365 1354 421 1418 Ex
444 1354 610 1433 omnibus,
644 1374 729 1437 quae
751 1352 922 1436 hucusque
953 1353 1068 1433 attuli,
1101 1351 1249 1416 collectis
1272 1358 1308 1414 et
1328 1371 1421 1414 com-

279 1468 404 1551 paratis
433 1467 550 1550 conjici
577 1465 674 1546 licet,
715 1463 775 1528 hos
812 1467 847 1528 in
874 1463 1110 1529 Hexaemeron
1141 1463 1244 1528 libros
1272 1459 1346 1526 XII
1375 1461 1420 1526 ad

280 1577 421 1642 eundem
444 1572 595 1662 spectare
619 1597 692 1640 cum
713 1575 859 1661 Hodego
880 1584 1059 1642 auctorem.

365 1688 434 1756 Sed
456 1689 595 1752 forsitan
616 1687 736 1771 aliquis
758 1689 837 1752 mihi
859 1687 993 1772 objiciat
1013 1687 1123 1752 locum
1144 1686 1236 1750 illum
1256 1685 1329 1750 libr.
1351 1683 1415 1748 XI.

279 1800 341 1866 col.
370 1801 454 1866 1037
475 1798 576 1890 ⁴ist),
607 1799 663 1864 ubi
694 1799 829 1865 dicitur:
865 1798 940 1864 Noe
968 1795 1085 1864 ausum
1113 1819 1180 1864 uon
1209 1817 1284 1862 esee
1315 1796 1417 1862 filium

278 1933 372 1978 suum
385 1911 489 1978 Cheru
511 1931 679 1994 execrare,
701 1919 878 1997 postquam
899 1933 922 1974 a
938 1910 1013 1976 Deo
1035 1918 1113 1995 post
1133 1909 1290 1975 diluvium
1312 1909 1419 1974 bene-

278 2023 385 2088 diotus
407 2024 535 2106 fuisset,
560 2030 593 2088 et
614 2023 689 2103 ideo
712 2045 778 2088 non
793 2021 933 2088 dixisse:
956 2020 1176 2104 „Maledictus
1198 2019 1334 2103 Cham“,
1356 2018 1417 2086 sed

279 2134 499 2218 ,maledictus
521 2133 705 2202 Chauuau“
721 2133 767 2218 ⁴),
798 2155 900 2217 quum
920 2142 1030 2200 nmen
1051 2135 1086 2196 in
1107 2131 1289 2218 Hodego⁵)
1311 2130 1416 2196 dicata

277 2353 608 2361 ——-..—.—.-....
618 2355 643 2360 ...
648 2355 698 2360 --
704 2355 745 2359 .-
757 2354 984 2360 -·-..--————--
989 2354 1135 2360 .—.—-—.-
1146 2355 1198 2360 -.0-
1204 2354 1247 2358 ⁴*
1252 2353 1315 2358 -----
1321 2354 1353 2358 --
1359 2351 1416 2358 ----

350 2511 372 2577 ¹)
391 2527 454 2576 aas·
472 2514 515 2564 80·

342 2605 366 2671 ²)
385 2604 471 2658 Omisi
487 2607 578 2659 locum
596 2609 624 2656 iu
641 2604 769 2673 Graecis,
794 2613 926 2674 utpote,
949 2611 1097 2675 insignem,
1121 2608 1216 2660 sedin
1233 2607 1333 2658 Latina
1348 2619 1415 2658 aer·

275 2702 351 2750 sione
369 2715 423 2750 nou
441 2704 508 2752 satis
526 2705 709 2768 perspicuum.
736 2703 828 2756 Locus
846 2708 939 2756 autem
955 2705 1001 2756 bic
1019 2709 1062 2756 est
1079 2705 1139 2771 (lib.
1156 2704 1206 2756 IIL
1223 2703 1339 2756 co'l.8'19
1355 2700 1412 2766 A):

275 2794 372 2862 „Aqua
389 2795 450 2862 illa,
478 2811 549 2860 quac
566 2800 643 2862 prius
663 2801 721 2850 erat
739 2804 906 2865 congregata
923 2800 976 2850 sub
994 2800 1086 2867 coslo,
1111 2800 1201 2852 divisa
1224 2800 1310 2850 estin
1326 2795 1413 2846 multa

273 2889 348 2956 loca,
373 2895 401 2941 et
418 2891 512 2941 miritis
531 2892 624 2943 modis.
661 2893 742 2958 Aqua
766 2897 794 2944 in
818 2896 936 2962 abysso,
961 2911 1026 2947 eece
1049 2911 1105 2947 una
1126 2897 1316 2960 congregatio:
1342 2873 1413 2956 abus

274 2985 381 3051 oceani,
400 2999 464 3036 ecce
483 3001 576 3038 rursus
595 2990 677 3038 ctiam
695 2989 750 3038 alia
768 2993 958 3055 congregatio:
976 3006 1051 3042 mare
1070 2995 1159 3056 ipsum
1176 2989 1298 3040 Rubrum
1316 2983 1414 3051 equod

273 3079 396 3129 soractis
412 3081 582 3146 propinquum,
602 3095 666 3134 ecce
686 3089 783 3147 quarte
800 3082 1015 3151 congregatio“.'
1044 3087 1099 3148 Qui
1122 3088 1199 3138 locus
1218 3087 1270 3138 sibi
1287 3088 1341 3150 ipsi
1357 3098 1411 3134 non

272 3175 311 3222 ita
330 3150 591 3238 eonvenit.⁰Qunm
610 3181 682 3230 euim
700 3183 798 3243 quarta
816 3183 994 3246 congregatio
1011 3187 1192 3248 memoretur,
1215 3185 1347 3246 quaeest
1363 3195 1412 3231 se·

272 3267 377 3335 cunda,
401 3283 472 3334 quae
490 3275 533 3322 est
549 3272 650 3327 tertia?
686 3272 722 3324 Et
738 3277 829 3340 ipsum
846 3289 921 3328 mare
938 3275 1079 3342 Rubrum,
1102 3275 1210 3328 idemne
1227 3280 1271 3327 est
1286 3291 1320 3327 ac
1338 3273 1411 3340 quod

272 3367 314 3430 est
339 3367 445 3416 auctori
466 3367 668 3432 propinquum?
710 3369 815 3432 Quodsi
838 3369 913 3422 idem
937 3371 1104 3424 censendum
1127 3365 1184 3436 est,
1200 3375 1307 3434 'aperte
1333 3370 1412 3422 loom

271 3455 372 3508 elamat
389 3459 424 3511 ad
441 3457 619 3512 Anastasium
637 3461 769 3514 sinaitam.

341 3550 363 3616 ⁸)
383 3553 460 3620 „Non
479 3556 602 3606 invenies
621 3558 649 3606 iu
667 3561 725 3608 tota
744 3557 886 3624 Scriptura
903 3560 993 3628 legis,
1020 3562 1112 3626 aliqua
1137 3576 1172 3611 ex
1189 3575 1236 3611 ore
1253 3558 1305 3610 Dei
1324 3561 1409 3610 fuisse

271 3645 429 3714 benedicta,
458 3653 486 3699 et
508 3663 603 3700 rursus
628 3651 720 3702 aDeo
743 3653 829 3703 fuisse
854 3653 981 3717 subjecta
1007 3655 1187 3717 execrationi3
1215 3659 1244 3704 et
1267 3654 1321 3705 hoo
1343 3669 1410 3720 per-

271 3743 396 3806 spicuum
415 3757 450 3794 ex
468 3742 553 3795 (iham
570 3745 628 3797 fillo
646 3747 713 3798 Noe.
749 3747 820 3798 Nam
844 3763 907 3798 cum
925 3751 948 3799 is
967 3764 997 3800 se
1016 3751 1107 3813 inique
1126 3751 1258 3814 gessisset
1274 3751 1302 3798 in
1320 3746 1411 3799 nuda·

270 3839 344 3889 tione
361 3841 463 3905 petris,
482 3844 511 3890 st
527 3845 673 3906 postquam
692 3857 707 3893 e
724 3857 821 3894 somno
839 3847 977 3894 excitatus
995 3844 1055 3895 Noe
1073 3847 1233 3909 agnovisset
1249 3843 1298 3893 dlii
1316 3842 1412 3894 chami
1453 3839 1460 3847 '

269 3934 454 4000 iniquitatem,
484 3949 539 3986 nou
562 3951 647 3988 ausus
672 3941 714 3990 est
731 3937 791 3988 Noe
815 3941 938 3990 execrari
961 3937 1062 4004 fllium,
1092 3941 1221 4004 quoniam
1242 3940 1295 3990 fuit
1318 3937 1411 3990 aDeo

268 4026 428 4079 benedictus
446 4034 510 4094 post
528 4029 661 4082 diluvium
680 4047 741 4083 cum
761 4032 869 4083 duobus
894 4033 956 4098 ejus
980 4034 1119 4086 iratribus.
1155 4034 1336 4096 Quamobrem
1357 4047 1411 4084 nou

269 4121 348 4172 dicit:
368 4123 567 4190 „„Maledictus
586 4125 714 4192 Cham““,
733 4126 782 4178 scd
801 4128 997 4195 „„maledictus
1009 4127 1183 4197 Chanaan““,
1201 4133 1344 4180 execratus
1363 4144 1411 4182 eos

270 4219 318 4282 qui
335 4233 370 4269 ex
387 4221 447 4284 ipso
467 4225 544 4271 erant
561 4223 707 4288 nascituri,
726 4227 754 4273 et
771 4237 827 4272 non
846 4221 957 4274 Cham“.

338 4313 360 4380 ⁴)
381 4313 447 4366 Gen.
467 4317 507 4382 9,.
520 4315 560 4366 25.

338 4407 361 4476 ⁵)
381 4411 468 4476 eap.8
487 4411 538 4461 col.
559 4412 608 4464 128
628 4411 661 4464 0:
681 4408 786 4476 ,Εἰπὼν
806 4407 819 4464 ὁ
838 4414 896 4466 Νῶε
913 4411 977 4488 πρὸς
994 4411 1036 4468 τὸν
1054 4412 1108 4468 υἱὸν
1125 4413 1202 4470 αὐτοῦ
1220 4415 1263 4471 τὸν
1281 4417 1409 4495 crqlttru'·

268 4519 343 4555 σαντα
361 4499 437 4556 αὑτοῦ
456 4503 500 4580 τὴν
513 4501 645 4577 γύμνωσιν,
664 4500 703 4559 ὅτι
722 4505 936 4590 ,ξΕπικατάρατος
953 4506 994 4563 καὶ
1012 4518 1072 4569 παῖς
1090 4507 1188 4587 οἰκέτης
1205 4510 1410 4570 ἶσταιΧαναᾶν“.
