3225 5217
286 519 330 585 54

285 684 305 760 ὁ
326 687 413 760 narr}
431 684 491 778 τὴν
510 685 763 781 Ἀἷιξανδρείαν
783 687 880 778 pappi
901 691 958 754 riv
985 691 1027 780 τῇ
1053 689 1201 777 ἀληθείᾳ
1228 681 1425 771 μαχόμενος,

284 791 483 889 ‘Aprru'oroc⁹
512 796 552 870 rt
572 797 751 885 κάθαρμα,
781 801 819 868 οἳ
838 825 874 867 τε
896 797 955 869 σῦν
976 796 1089 881 αὐτοῖς
1109 799 1267 886 ciperani
1291 801 1347 866 καὶ
1369 801 1426 885 τῆς

285 907 492 1000 ὀρθοδοξίας
513 912 691 996 πολέμιοι,
717 901 932 1000 &permisci
954 904 1143 1001 ppuaiypcrr
1165 902 1424 994 ospmo'psror“.

288 1029 447 1112 ,Praeter
467 1029 529 1092 hos
550 1027 726 1091 anathema
747 1029 814 1091 sint
835 1035 870 1091 et
891 1026 1077 1091 catathema
1098 1025 1207 1110 Cyrus
1224 1025 1324 1089 Alex.
1334 1022 1425 1088 Eccl

285 1140 540 1204 scelestissimus
561 1137 709 1217 adulter,
738 1137 934 1202 Theodorus
955 1138 1152 1217 Pharanita,
1184 1137 1323 1223 Sergius
1346 1133 1424 1215 01²,

284 1249 452 1315 Honorius
463 1249 602 1328 Romae,
621 1248 921 1314 Monotheletarnm
941 1250 1089 1313 haeresis
1101 1247 1202 1312 duces
1221 1256 1255 1312 et
1275 1248 1424 1333 patroni3

283 1361 448 1446 Pyrrhus,
477 1361 618 1440 Paulus,
649 1361 789 1438 Petrum,
822 1363 935 1445 regiae
963 1359 1097 1444 quidem
1129 1360 1220 1424 urbis
1248 1360 1424 1438 antistites,

283 1493 398 1538 verum
430 1473 608 1556 impietatis
637 1479 922 1555 propugnatores,
965 1491 1078 1536 secum
1112 1479 1147 1536 st
1178 1493 1253 1536 cnm
1286 1471 1425 1534 veritate

283 1592 486 1672 pugnantes,
507 1583 674 1647 Macarius
696 1580 860 1662 Antioch,
884 1584 1021 1668 ejusque
1043 1581 1224 1666 discipulus
1238 1579 1425 1665 Stephanus

283 1695 446 1778 simulque
480 1697 642 1759 amentiae
674 1695 849 1776 magister,
883 1693 1141 1777 Polychronium,
1174 1713 1280 1757 novus
1313 1690 1425 1757 Simon

282 1827 414 1893 magns3
436 1815 472 1871 et
492 1808 548 1889 qui
564 1803 790 1869 Alexandriae
813 1804 921 1869 adhuc
943 1808 1117 1870 veritatem
1139 1811 1310 1889 oppugnat
1330 1801 1423 1866 Har-

282 1921 404 1984 nasius
437 1916 613 2002 piacularis
646 1917 761 1996 homo,
794 1918 917 1998 quique
949 1935 1021 1979 cum
1052 1915 1117 1980 illis
1147 1915 1303 1979 haeretici
1325 1923 1425 1999 atque
1511 1963 1516 1969 .

284 2027 491 2095 orthodoxae
512 2027 592 2091 fidei
613 2027 738 2107 hostes,
761 2025 959 2092 Saracenico
981 2029 1071 2091 tastu
1094 2028 1205 2091 clati“.
1237 2025 1293 2090 Ex
1306 2026 1425 2108 quibus

283 2141 463 2226 conjicitur,
471 2138 682 2203 Harmesium
690 2137 806 2202 eodem
814 2147 962 2224 tempore
970 2141 1095 2202 vixisse
1105 2159 1176 2202 cum
1185 2137 1218 2204 S.
1228 2136 1425 2222 Sophmnio,

283 2269 382 2333 quem
405 2248 533 2314 obiisse
554 2257 685 2314 constat
705 2271 735 2313 a.
757 2250 831 2313 638.
874 2249 967 2335 Ergo
995 2258 1093 2334 recte
1108 2248 1318 2312 Harmasitae
1345 2267 1424 2312 sae-

282 2360 355 2425 culo
378 2363 521 2446 septimo
542 2360 733 2445 assignandi
755 2368 832 2424 sunt
853 2381 961 2444 neque
981 2369 1092 2424 tamen
1115 2362 1202 2441 seio,
1225 2381 1266 2423 an
1289 2359 1423 2423 saeculo

281 2473 421 2556 septimo
436 2473 641 2536 recentiores
651 2473 819 2536 etiamtum
833 2474 1030 2553 exstiterint,
1050 2467 1122 2535 cum
1135 2471 1224 2535 haud
1235 2475 1281 2535 ita
1293 2471 1424 2535 celebre

280 2603 399 2648 nomen
417 2582 597 2647 obtinuisse
614 2582 797 2647 videantur.
820 2583 989 2667 Quidquid
1007 2591 1067 2664 est,
1090 2583 1258 2647 laudatum
1276 2581 1424 2647 scholion

282 2695 405 2778 optime
428 2701 586 2758 consonat
605 2683 658 2774 iis,
681 2714 767 2777 quse
788 2702 886 2758 anteo
908 2693 1131 2758 deAnaetasii
1154 2696 1258 2758 nostri
1276 2692 1423 2759 Sinaitse

281 2812 431 2888 tempore
460 2803 610 2888 allegavi.
653 2803 744 2888 Ergo
774 2824 819 2869 ex
848 2807 921 2890 ipso
943 2805 1078 2890 Hodegi
1107 2826 1207 2890 opere
1241 2807 1422 2869 certissime

269 2901 496 2997 ‚concludituu
504 2916 714 2981 Anastasium
723 2924 870 2980 nostrum
878 2916 1110 3001 presbyterum
1122 2916 1144 2999 ¹)
1156 2914 1387 2979 etmonuchum
1395 2911 1422 2996 ²)

209 3011 216 3028 ’
282 3026 440 3094 Sinaitam
469 3029 616 3113 viguisse
645 3028 714 3113 jam
747 3035 825 3092 ante
853 3047 882 3092 a.
906 3027 969 3090 640
1003 3034 1038 3091 et
1067 3029 1235 3091 etismtum
1265 3025 1422 3090 claruisse

244 3146 357 3224 ‘post
378 3160 408 3203 e.
430 3139 504 3204 680.

814 3342 886 3428 §4-

367 3471 434 3538 Sed
470 3475 632 3536 incassum
670 3480 794 3536 tantem
830 3471 950 3537 molem
984 3476 1129 3537 extruxi.
1183 3472 1236 3537 En
1276 3473 1422 3536 clamitat

280 3581 447 3666 Oudinus,
481 3583 544 3648 hoc
579 3604 662 3668 opus
691 3583 827 3670 Hcdegi
862 3593 1011 3670 spectare
1047 3606 1112 3649 non
1150 3605 1250 3670 posse
1281 3586 1343 3648 uisi
1378 3582 1420 3646 ad

278 3693 490 3760 Anastasium
513 3693 677 3778 quendam
696 3692 856 3760 Sinaitem
879 3704 912 3760 et
933 3696 1151 3781 patriarcham
1169 3696 1421 3776 Antiochenum,

279 3805 376 3891 hujus
398 3809 537 3872 nominis
559 3805 634 3889 IV.,
666 3827 763 3890 quem
791 3805 835 3872 ud
857 3809 983 3872 initium
1005 3807 1129 3872 saeculi
1151 3805 1312 3870 undecimi
1334 3808 1421 3870 eirca

279 3918 407 4030 aQOIO
428 3916 484 3982 vel
507 3919 591 3982 1020
619 3920 786 4002 assignat,
815 3926 852 3982 ut
877 3920 945 4004 jam
974 3940 1075 4004 supra
1103 3917 1173 3982 dixi
1203 3937 1278 4002 pag.
1304 3919 1332 3980 1.
1375 3915 1421 3979 Et

280 4025 395 4092 decem
417 4029 561 4093 rationes
582 4027 688 4092 effert

1107 4245 1418 4256 Ἥ

351 4404 373 4472 ¹)
392 4405 446 4457 vid.
466 4417 550 4471 supra
566 4419 629 4470 pag.
648 4407 697 4470 270,
716 4404 826 4471 Hcdegt
844 4420 903 4470 cap.
922 4408 947 4455 4.

348 4500 371 4567 ²)
390 4499 445 4552 vid.
463 4514 548 4566 supra
565 4514 627 4566 pag.
648 4502 689 4550 li.
