3225 5217
308 509 370 574 1os
420 467 427 474 ’

306 682 378 767 ejus
400 684 572 770 conjugem
595 685 685 752 facta
707 695 759 752 est
786 695 950 770 creatura,
981 688 1126 752 refertur
1152 686 1197 752 ad
1215 685 1384 752 Christum
1412 669 1447 751 et

305 792 500 860 Ecclesiam.
543 796 657 882 Atque
688 799 778 882 quod
807 800 872 864 hoc
900 800 1033 883 quidem
1061 808 1289 886 argumentum
1315 807 1446 864 nostras

305 909 393 972 vires
416 919 566 993 superet,
600 931 707 994 neque
730 933 790 976 nos
813 933 988 997 negamus,
1021 933 1129 996 neque
1157 911 1244 976 ullus
1266 915 1324 995 qui
1351 913 1446 996 sapit

305 1016 374 1082 Sed
396 1023 549 1102 quoniam
571 1022 647 1086 hinc
668 1044 785 1107 magna
808 1023 1066 1089 estquoclesia
1077 1024 1240 1110 gloriatio,
1263 1033 1298 1088 et
1309 1024 1447 1107 quaevis

306 1126 615 1218 Scriptura‘majora
629 1135 704 1199 hino
723 1138 844 1221 accipit
862 1158 954 1200 arma
968 1136 1128 1201 adversus
1147 1138 1279 1222 pietatis
1298 1137 1447 1199 inimicos

205 1231 222 1253 ‘
306 1243 362 1324 qui
395 1263 467 1308 eam
500 1245 799 1328 circumdederunt,
840 1270 881 1312 ea
913 1249 956 1312 de
989 1270 1090 1313 cansa
1124 1252 1279 1313 invocato
1314 1245 1446 1312 Christo

306 1352 421 1419 datore
442 1355 571 1422 luminis
587 1361 648 1442 p'er
666 1379 759 1428 suam
770 1361 941 1445 conjugem
953 1361 1149 1440 Ecclesiam,
1171 1362 1228 1444 qui
1240 1359 1447 1423 Balaamicae

305 1470 417 1534 asinae
434 1469 455 1551 1)
478 1469 672 1572 postulante!
696 1479 846 1556 tempore
876 1493 913 1537 os
935 1474 1079 1558 aperuit,
1114 1473 1226 1556 etqui
1253 1443 1365 1536 multis
1393 1472 1448 1543 in-,

306 1579 428 1666 dignis,
462 1603 503 1645 ne
538 1581 643 1646 dicam
678 1583 846 1664 omnibus,
882 1576 1054 1668 praeclara
1086 1606 1147 1648 sua
1180 1577 1267 1648 bona
1299 1582 1446 1668 largitur,

304 1713 404 1757 ausus
426 1715 498 1757 sum
527 1695 717 1760 immensum
747 1695 812 1758 hoc
840 1695 968 1780 ingredi
995 1695 1151 1782 pelagus,
1181 1704 1258 1781 post
1280 1693 1446 1760 Christum

304 1813 400 1868 utens
410 1805 614 1890 adjutoribus
627 1810 749 1871 sanctis
762 1810 903 1890 quiante
915 1829 976 1872 nos
988 1817 1215 1892 exposuerunt
1222 1807 1399 1871 Patribus“
1409 1805 1446 1889 ²).

306 1915 456 1997 „Quodsi
480 1920 577 1982 etiam
608 1918 731 2002 aliquid
761 1921 883 1983 novum
913 1927 947 1984 et
976 1921 1083 1984 minus
1110 1927 1302 1984 consuetum
1334 1925 1446 1982 nostra

305 2028 395 2093 dicat
416 2033 540 2110 oratio,
572 2027 725 2114 rogamus
757 2039 790 2096 et
812 2032 1023 2096 obsecramus
1044 2040 1112 2096 tam
1134 2039 1327 2117 praesentes
1348 2051 1445 2113 quam

304 2142 436 2206 futuros
466 2143 552 2208 lilios
579 2141 769 2224 Ecclesiae,
801 2165 844 2208 ne
872 2145 1002 2208 inimico
1033 2154 1068 2208 et
1094 2144 1207 2208 invido
1235 2143 1445 2227 malignoque

304 2257 423 2337 animo,
445 2254 506 2318 sed
528 2256 674 2320 fraterno
697 2254 841 2335 audiant,
862 2253 950 2338 quae
970 2255 1129 2320 dicuntur.
1163 2254 1339 2338 Nunquam
1361 2256 1444 2319 enim

303 2367 461 2442 aberrans
484 2374 518 2432 et
539 2367 690 2452 perfecta
711 2388 821 2430 rerum
845 2370 1007 2453 cognitio,
1030 2375 1082 2432 est
1103 2368 1215 2432 solius.
1229 2367 1310 2447 Dei,
1340 2368 1445 2450 siqui·

278 2481 378 2568 ,dem
416 2482 513 2544 etiam
547 2479 726 2564 spiritualis
764 2501 837 2560 „ex
871 2488 966 2564 parte
1004 2481 1173 2564 cognoscit
1207 2488 1241 2544 et
1274 2501 1318 2543 ex
1349 2487 1445 2563 parte

303 2592 470 2675 loquitur“
483 2591 528 2675 ³),
553 2600 586 2657 et
609 2593 665 2675 qui
688 2601 739 2656 est
762 2591 941 2656 secundum
964 2613 1022 2656 cor
1043 2593 1125 2671 Dei,
1147 2589 1258 2656 David
1280 2599 1443 2676 precatur,

303 2705 416 2769 dicens
432 2704 475 2787 ⁴):
498 2701 624 2788 „Aperi
645 2705 759 2768 oculos
782 2725 893 2784 meos,
918 2713 958 2767 ut
975 2703 1155 2790 intelligam
1177 2702 1339 2768 mirabilia
1360 2702 1444 2788 legis

302 2817 401 2882 tuac“
417 2814 451 2896 ¹⁴).

390 2927 546 2994 Testatur
568 2949 648 2993 vero
671 2937 797 3012 auctor,
823 2951 879 3012 „se
902 2929 1044 2993 litteram
1067 2927 1199 3012 quidem
1221 2929 1353 2992 minime
1376 2927 1448 2993 dis-

303 3043 444 3122 solvere,
467 3062 579 3106 verum
602 3041 645 3105 ab
668 3045 792 3126 optimo
816 3050 850 3106 et
871 3041 1104 3126 benignissimo
1121 3038 1155 3105 S.
1166 3039 1291 3124 Spiritu
1314 3058 1446 3104 sensum

199 3201 202 3208 .
303 3156 443 3238 mystice
474 3155 670 3218 absconsum
700 3157 785 3218 iutra
813 3153 1175 3236 litteramlinquirere“
1191 3149 1226 3235 ε)
1276 3151 1322 3214 Et
1353 3153 1446 3214 initio
1527 3224 1534 3233 ι

303 3266 358 3330 lib.
381 3265 456 3330 lll.:
481 3266 690 3349 „Memento,
708 3260 828 3348 inquit,
852 3287 872 3328 o
894 3266 1010 3345 lector,
1031 3286 1084 3328 me
1105 3263 1242 3343 dixisse,
1266 3261 1357 3346 quod
1378 3284 1443 3326 non

304 3377 524 3442 dissolventes
564 3377 706 3442 litteram
745 3380 921 3448 transimus
961 3376 1005 3440 ad
1043 3393 1178 3442 sensns·
1197 3395 1263 3438 nou
1305 3378 1447 3460 scriptos

304 3487 571 3574 anagogicos‘ff),
595 3499 695 3573 atque
717 3491 809 3555 initio
832 3489 886 3552 lib.
900 3487 974 3552 1v.:
998 3487 1171 3571 „Aequum
1195 3506 1271 3552 esse
1293 3489 1447 3553 existimo

303 3602 469 3685 valdeque
492 3603 572 3666 utile
594 3623 654 3686 per
676 3604 862 3666 universam
885 3622 946 3666 sex
965 3600 1092 3664 dierum
1110 3602 1361 3684 expositionem,
1384 3598 1447 3662 ad-

304 3735 437 3778 mouere
461 3713 628 3778 auditores
652 3713 739 3797 quod
770 3735 835 3776 non
858 3712 1078 3778 dissolventes
1100 3713 1166 3778 Dei
1196 3733 1331 3796 operum
1360 3731 1446 3794 quae

305 3835 422 3892 estex
452 3826 562 3890 littera
590 3825 774 3907 historiam,
809 3823 1024 3910 spiritualiter
1056 3823 1246 3909 corporales
1280 3831 1447 3887 creaturas

304 4043 1122 4052 --—-——-———-—————·——-——-——-—--——-

374 4222 396 4288 ¹)
414 4222 551 4288 uuam,
570 4223 610 4273 aa.
681 4222 704 4288 ²)
724 4224 775 4272 001.
789 4222 848 4274 aso.
919 4222 940 4287 ³)
959 4223 980 4272 1.
992 4220 1054 4273 cor,
1069 4225 1110 4288 ra,
1129 4225 1152 4273 a
1224 4224 1246 4289 ⁴)
1267 4211 1313 4273 P's.
1326 4225 1385 4288 118,
1405 4225 1445 4274 18.

271 4325 274 4330 '
374 4317 396 4384 ⁵)
415 4317 466 4368 col.
491 4315 550 4368 866.
593 4315 634 4368 Ol.
661 4318 775 4383 praefat.
803 4316 909 4383 Hodcg.
937 4332 1021 4383 supra
1046 4334 1109 4384 pag.
1133 4320 1185 4383 46,
1214 4323 1242 4369 et
1268 4316 1339 4366 Hod.
1364 4331 1388 4366 c.
1413 4317 1446 4365 24

303 4413 354 4464 col.
375 4414 425 4465 309
445 4427 529 4478 supra
546 4427 609 4478 pag.
630 4415 670 4464 79.
689 4417 744 4463 not.
765 4415 789 4463 2.

372 4508 395 4576 ⁶)
412 4508 459 4559 lib.
477 4509 498 4558 1.
518 4508 569 4558 col.
588 4510 639 4560 860
658 4507 687 4560 O.
900 4509 922 4574 ⁷)
941 4510 994 4560 col.
1013 4511 1064 4562 877
1081 4510 1115 4580 D.
1214 4542 1221 4584 ¹,
