3225 5217
272 494 334 558 118

270 664 463 746 illuminare,
486 672 523 729 ut
544 667 600 747 qui
620 685 659 730 cs
677 664 782 728 aDeo
794 666 975 746 acceperis,
997 673 1032 731 et
1043 666 1149 731 euiee
1169 666 1235 730 sint
1256 663 1412 730 eredita“.

270 777 359 856 Quid
381 777 444 842 sibi
460 777 532 840 vult
553 776 642 843 istud
664 775 729 858 „ad
751 776 842 842 millo
862 775 1010 842 ιιιιιιοεῖιι
1043 775 1076 840 Α
1097 796 1240 859 quonam
1260 784 1411 861 tempore

270 897 385 954 auctor
413 888 621 952 numeravit?
659 886 837 980 ¹Equidem
866 909 988 954 censeo
1014 888 1057 952 ab
1087 911 1144 972 eo,
1177 910 1244 972 quo
1271 890 1411 974 primum

271 1000 420 1066 Judaeus
442 1000 524 1065 haec
546 1000 649 1066 verbe
672 1000 853 1066 seeundum
881 1009 1025 1065 mentem
1052 1003 1196 1066 auctoris
1218 1007 1309 1066 reete
1330 999 1412 1085 legit

271 1115 304 1176 in
327 1132 449 1198 genere
471 1112 660 1177 masculino.
693 1111 798 1195 Atqui
815 1111 880 1176 hoe
894 1114 1034 1196 primum
1056 1112 1181 1176 factum
1204 1115 1310 1176 estin
1331 1133 1411 1176 ver-

270 1227 362 1290 sione
384 1222 603 1310 Septuaginta
631 1219 866 1308 interpretum,
898 1244 971 1288 oum
999 1222 1168 1288 Hebraico
1195 1245 1265 1290 vox
1285 1246 1345 1300 mn
1368 1225 1412 1288 sit

269 1338 400 1420 generis
433 1337 622 1400 communis.
666 1335 763 1399 Hane
796 1343 906 1400 autem
937 1337 1124 1424 versionem
1150 1335 1411 1400 Alexandrinam

233 1487 238 1494 -
271 1455 305 1512 et
328 1446 461 1531 quidem
481 1448 641 1531 imprimis
665 1445 835 1512 Geneseos
857 1447 979 1511 factam
1004 1467 1081 1511 esse
1110 1456 1270 1533 regnante
1291 1447 1411 1514 Ptole-

270 1579 365 1624 maeo
386 1557 606 1642 Philadelpho
629 1557 693 1641 (ab
715 1579 744 1622 a.
768 1560 955 1622 est-246
976 1581 1006 1622 a
1029 1557 1106 1624 Chr.
1120 1544 1175 1640 m)
1196 1560 1268 1624 fere
1297 1580 1411 1624 omnes

270 1671 486 1736 consentiunt
520 1669 575 1734 Ab
598 1670 662 1736 hoc
682 1678 794 1735 autem
816 1679 966 1754 tempore
982 1669 1147 1754 usquead
1164 1678 1295 1755 tempus
1307 1673 1412 1736 nostri

269 1781 456 1862 Anastasii,
488 1783 545 1864 qui
567 1803 653 1845 anno
677 1783 748 1844 700.
769 1789 850 1866 post
870 1781 948 1846 Chr.
969 1791 1138 1866 superstes
1160 1782 1242 1863 fuit,
1271 1803 1308 1848 re
1330 1803 1412 1846 vera

272 1901 348 1958 sunt
370 1892 414 1958 ad
435 1893 524 1958 mille
547 1895 632 1957 anni.
675 1891 793 1976 Itaque
817 1900 855 1956 ut
875 1891 930 1956 hio
951 1892 1044 1958 loeus
1068 1893 1258 1974 dissentiat,
1285 1902 1411 1958 tant-um

271 2006 391 2087 abest,
422 2013 459 2070 ut
481 2005 535 2070 vel
557 2006 701 2070 maxime
723 2025 783 2089 per
805 2025 844 2068 se
865 2001 909 2068 ad
929 2003 1141 2070 Anastasium
1163 2013 1310 2070 nostrum
1338 2005 1411 2070 ola·-

269 2137 360 2180 mare
384 2116 546 2182 videatur.
589 2115 734 2180 Dubium
757 2136 837 2202 ergo
859 2115 984 2180 nullum
1006 2137 1182 2201 superesse
1203 2126 1303 2202 puto,
1331 2118 1411 2199 quin

269 2228 313 2304 hi
329 2230 426 2292 etiam
449 2227 525 2292 libri
545 2225 617 2292 XII
639 2228 672 2290 in
693 2226 928 2292 Hexaemeron
955 2226 997 2292 ad
1019 2227 1232 2292 Anastasium
1262 2237 1411 2294 nostrum

269 2338 427 2405 Sinaitam
451 2347 485 2403 et
505 2338 641 2425 Hodegi
664 2347 832 2403 auctorem
856 2347 1015 2423 spectent

354 2451 451 2516 Nune
473 2459 598 2516 restare
619 2451 698 2514 mihi
728 2452 836 2515 visum
864 2457 933 2532 est,
964 2458 1001 2515 ut
1031 2449 1161 2534 aliquos
1186 2455 1282 2534 quasi
1310 2452 1410 2518 flores

269 2583 313 2628 ex
336 2563 387 2628 his
409 2563 502 2628 libris
527 2583 714 2647 excerpam.

356 2675 474 2759 Itaque
506 2671 548 2738 de
576 2673 708 2738 diversa
737 2677 771 2738 in
796 2673 1051 2758 interpretandis
1078 2673 1256 2760 Scripturis
1284 2677 1411 2740 ratione

269 2794 384 2851 auctor
405 2785 489 2850 haee
510 2787 573 2850 aitr
588 2784 608 2868 1)
631 2784 815 2870 „Apparet
838 2784 928 2868 quod
945 2806 1011 2850 non
1029 2788 1073 2850 sit
1088 2786 1272 2851 recusanda
1286 2807 1414 2850 memo-

269 2897 420 2963 rabilium
450 2899 664 2981 interpretum
694 2896 826 2961 diversa
847 2899 880 2960 in
903 2895 1022 2960 divinis
1044 2896 1223 2981 Scripturie
1245 2900 1413 2982 acceptior

201 3019 208 3026 '
271 3030 314 3074 ex
350 3010 422 3093 ipso
463 3010 547 3072 eninr
584 2987 740 3072 divinitus
770 3009 930 3092 inspirato
964 2979 1180 3072 fundamento
1209 3007 1273 3072 hoo
1300 3009 1433 3096 fucere⁴

270 3119 450 3189 didicimus.
500 3118 599 3184 Unde
630 3123 727 3184 etiam
757 3140 899 3203 aequum
935 3128 1003 3200 est,
1038 3119 1153 3184 audire
1182 3119 1350 3184 Mosaieos
1379 3128 1414 3184 et

268 3231 483 3317 propheticos
505 3238 539 3296 et
561 3230 741 3300 Davidieos
768 3252 955 3313 sermones,
984 3231 1163 3315 aliquando
1193 3232 1325 3315 quidem
1353 3253 1413 3296 ee·

270 3345 379 3428 cipere
403 3363 507 3426 aquas
528 3363 589 3427 pro
611 3342 785 3427 gentibus,
818 3342 996 3426 aliquando
1024 3352 1135 3408 autem
1165 3364 1227 3428 pro
1254 3346 1414 3408 tentatio-

268 3453 380 3535 nibus,
409 3453 584 3537 aliquando
607 3474 687 3518 vero
709 3474 770 3538 pro
795 3451 914 3519 divinis
936 3455 1135 3540 disciplinis,
1159 3464 1194 3520 et
1214 3477 1276 3541 pro
1297 3462 1413 3520 saneto

269 3565 413 3652 Spiritu,
442 3573 476 3630 et
497 3586 557 3650 pro
580 3568 686 3650 gratia
706 3566 922 3650 baptismatis.
967 3567 1143 3657 Quomodo
1166 3569 1263 3650 etiam
1285 3567 1413 3633 eoelum

269 3676 446 3761 aliquando
469 3675 602 3760 quidem
625 3677 789 3763 significat
810 3679 919 3762 ipsum
948 3679 1207 3762 firmamentum,
1236 3678 1412 3764 aliquando

268 3796 377 3852 autem
414 3789 512 3852 etiam
550 3787 712 3852 coelestes
748 3797 951 3874 potestateS,
987 3798 1045 3854 aut
1081 3792 1179 3855 etiam
1216 3811 1274 3854 cor
1307 3805 1412 3875 ornne‘,

139 3891 152 3916 ”
269 3920 370 3984 super
389 3899 482 3981 quod
504 3899 597 3964 Deus
619 3901 808 3983 requiescit.
840 3900 987 3966 -Montos
1009 3922 1142 3984 quoque
1168 3901 1280 3966 multis
1306 3902 1411 3966 modis

268 4010 512 4096 intelliguntur:
541 4013 745 4097 accipiuntur
768 4014 854 4076 enim
875 4033 936 4096 pro
959 4011 1079 4096 coelis,
1108 4022 1146 4077 et
1166 4032 1228 4098 pro
1249 4012 1413 4093 Ecclesia,

269 4129 302 4188 et
324 4143 385 4207 pro
407 4122 546 4208 angelis,
570 4131 603 4188 et
625 4144 685 4207 pro
705 4123 812 4206 altari,
835 4133 869 4188 et
886 4145 947 4208 pro
964 4123 1163 4190 adversariis
1177 4123 1411 4208 potestatibus,

343 4481 365 4549 ¹)
384 4483 429 4534 ue.
448 4484 496 4535 111.
517 4459 568 4535 eu.
586 4486 637 4537 arr
655 4485 677 4536 e
696 4500 752 4550 seq.
