3225 5217
296 513 339 576 to

294 683 539 752 delinitionibus
558 685 598 768 ¹)z
630 682 815 761 ,Naturale
837 691 904 766 est,
935 669 1025 769 quod
1046 687 1080 748 in
1102 657 1218 748 nature
1239 685 1435 768 continetur,

293 796 348 860 vel
370 796 460 880 quod
481 797 520 861 lit
541 795 721 861 secuudum
743 816 946 875 communem
970 804 1003 861 et
1025 793 1243 861 universalem
1257 804 1436 862 consuetu-
1521 829 1526 840 ·

293 907 418 989 dinem,
456 908 512 972 vel
544 907 635 990 quod
667 927 748 972 vere
782 927 897 972 verum
931 928 1005 972 esse
1037 910 1235 992 agnoscitur.
1297 909 1436 976 Praeter

291 1027 442 1084 usturam
464 1027 527 1101 est,
549 1018 639 1102 quod
653 1020 746 1083 Deus
768 1040 834 1082 non
856 1021 903 1082 its
924 1019 1005 1083 fecit
1026 1019 1082 1084 vel
1104 1018 1194 1101 quod
1217 1021 1347 1084 omnino
1368 1040 1434 1083 non

291 1131 384 1211 fecit,
406 1129 590 1215 cujusmodi
611 1138 663 1194 est
683 1111 856 1214 peccatum
880 1138 914 1194 ct
935 1151 1033 1194 mors.
1068 1129 1177 1214 Supra
1198 1137 1347 1194 naturum
1372 1138 1434 1210 cat,

293 1241 382 1325 quod
409 1239 542 1306 diverse
575 1243 702 1305 ratione
733 1241 776 1304 ab
806 1243 929 1305 usitato
962 1239 1060 1304 modo
1088 1241 1217 1327 'factum
1251 1249 1303 1306 est
1334 1240 1435 1324 idque

292 1351 452 1416 beneflcio
492 1355 741 1436 praestantioris
782 1373 911 1417 causae.
967 1351 1155 1418 Secundum
1194 1360 1344 1416 naturam
1384 1359 1436 1417 est

291 1465 547 1544 matrimonium,
579 1472 712 1548 praeter
732 1472 897 1545 naturam,
927 1463 1116 1544 fornicati03
1151 1483 1251 1547 snpra
1273 1470 1433 1558 naturam,

293 1572 416 1639 Christi
437 1577 610 1659 conceptio
641 1584 675 1638 et
696 1567 902 1659 generatio“.
940 1573 1096 1640 Similiter
1123 1575 1156 1638 id
1186 1574 1276 1659 qnod
1298 1575 1377 1639 dicit
1399 1576 1434 1638 in

292 1685 357 1749 fine
393 1686 489 1771 hujus
523 1689 739 1771 expositionis
772 1685 867 1767 fidei,
902 1684 1087 1750 haereticos
1122 1685 1198 1750 ideo
1232 1685 1433 1750 voluntatem
1515 1671 1518 1678 ⁴

292 1797 466 1862 humanam
499 1800 534 1860 in
567 1796 701 1862 Christo
733 1819 799 1862 non
832 1796 1024 1878 admittere,
1062 1795 1151 1880 quod
1182 1797 1317 1862 videant
1351 1819 1430 1862 suas

291 1909 436 1992 ipsorum
464 1909 652 1974 voluntates
684 1907 906 1974 indesinenter
936 1909 979 1974 ab
1011 1909 1264 1974 inflammatione
1297 1909 1432 1994 maligni

291 2022 395 2086 hostis
431 2023 633 2106 impugnari,
678 2020 783 2092 fusius
826 2022 1003 2106 exponitur
1042 2022 1077 2082 in
1117 2022 1224 2104 capite
1259 2021 1309 2084 14.
1351 2020 1434 2102 (ool.

292 2131 488 2215 tol-256).
531 2128 622 2215 Ergo
645 2134 743 2197 etiam
765 2134 850 2197 hane
872 2131 972 2213 „fidei
995 2132 1266 2215 expositionem“,
1289 2153 1388 2215 quum
1411 2155 1431 2196 a

263 2259 270 2270 ·
289 2243 417 2329 reliquo
441 2263 542 2328 opere
564 2243 673 2308 aliena
694 2245 835 2324 nonsit,
858 2246 955 2306 immo
976 2245 1098 2328 optime
1121 2246 1151 2307 ei
1173 2253 1342 2327 consonet,
1364 2266 1430 2308 uon

291 2363 422 2420 osteor
444 2355 592 2440 ejusdem
614 2357 759 2418 auctoris
781 2375 856 2418 esse
878 2375 1046 2440 negemus.

376 2466 508 2530 Nullam
532 2487 612 2552 ergo
635 2486 767 2530 causam
795 2468 944 2548 invenio,
976 2486 1109 2549 exque
1136 2467 1200 2530 hoc
1230 2489 1313 2552 opus
1342 2468 1432 2532 haud

290 2579 409 2643 leviter
444 2577 677 2661 interpolatum
708 2597 782 2642 esse
811 2575 972 2661 judicem,
1016 2581 1114 2642 immo
1153 2581 1315 2664 integrum
1350 2599 1432 2664 opus

290 2689 469 2753 Anastasio
490 2709 566 2754 meo
584 2685 725 2752 vindico.
755 2686 913 2753 Attamen
934 2711 999 2754 nou
1023 2689 1256 2772 contenderim,
1279 2692 1308 2754 si
1331 2711 1433 2776 opus-

291 2801 374 2882 cula,
397 2821 483 2884 quae
505 2801 560 2863 hic
579 2801 614 2862 in
634 2819 734 2862 unum
756 2799 898 2864 collecta
916 2799 1076 2883 videmus,
1098 2822 1163 2866 non
1186 2803 1293 2864 omnia
1316 2801 1432 2866 eodem

290 2919 440 2996 tempore
461 2911 504 2974 ab
526 2910 705 2976 Anastasio
728 2914 911 2995 composite
933 2933 1008 2977 esse
1030 2911 1167 2994 dixeris,
1190 2911 1247 2978 s'ed
1271 2911 1337 2977 alia
1358 2911 1432 2977 aliis

291 3025 382 3108 prius
393 3022 448 3088 vel
464 3025 640 3107 posterius,
660 3043 745 3106 quae
767 3031 885 3107 postea
906 3025 1061 3087 inunum
1073 3024 1255 3108 collegerit
1279 3022 1432 3088 Forsitan

292 3134 375 3199 haec
397 3134 497 3199 fuerit
519 3155 636 3217 causa,
667 3135 709 3200 ob
733 3155 830 3218 quem
859 3136 941 3198 varii
968 3133 1054 3199 tituli
1082 3135 1115 3197 in
1144 3132 1208 3198 hoo
1230 3133 1313 3199 libro
1336 3135 1431 3198 nobis

292 3246 483 3329 occurrunt,
513 3248 571 3330 qui
592 3248 758 3332 proprium
787 3247 883 3330 quasi
912 3265 994 3330 opus
1016 3243 1161 3310 indicare
1183 3245 1357 3310 videantur
1377 3244 1433 3342 vel

292 3358 392 3422 etiam
424 3357 467 3422 ab
499 3357 566 3421 alio
599 3359 749 3441 inscripti
780 3357 962 3422 existimari
994 3359 1133 3442 possint
1184 3354 1284 3422 Certo
1316 3357 1431 3422 titulos

292 3472 434 3555 capitum
464 3462 565 3549 111²)
594 3478 629 3533 et
649 3467 747 3551 ΠΗ)
777 3468 819 3533 ab
847 3471 920 3554 ipso
942 3467 1120 3534 Anastasio
1148 3469 1325 3554 inscriptos
1357 3487 1432 3534 esse

291 3602 421 3665 censen,
433 3600 507 3645 cum
522 3582 659 3664 cogitari
671 3587 826 3663 nequeat,
838 3582 942 3643 virum
953 3580 1167 3646 clarissimum
1175 3601 1215 3644 ac
1226 3581 1430 3666 magistrum,

361 3939 383 4007 ¹)
402 3941 452 3992 col.
468 3942 500 3992 78
517 3941 554 3990 B:
572 3935 675 4011 φυσικόν
694 3938 767 4005 ἐστιν,
785 3936 801 4015 ἢ
820 3937 848 3992 τὸ
867 3939 893 3994 ἐν
910 3949 942 4015 τῇ
960 3938 1032 4011 ου’σοι
1048 3937 1166 4014 κείμενον,
1184 3937 1200 4016 ἢ
1219 3936 1247 3993 τὸ
1265 3937 1328 3993 κατὰ
1346 3937 1430 4016 κοινὴν

292 4030 334 4088 acl
351 4032 487 4109 καθολικὴν
504 4031 636 4108 euripides
653 4031 795 4108 γινόμενον,
819 4029 835 4107 l
854 4029 881 4086 τὸ
901 4031 1006 4109 ἀληθῶς
1023 4033 1117 4110 thttc
1134 4031 1322 4109 γνωριζόμονον.
1357 4019 1431 4107 uapl

290 4127 362 4201 φύσιν
380 4125 458 4194 ἐστὶν,
477 4125 490 4183 d
510 4124 524 4181 d
544 4125 607 4187 Θοὸς
625 4125 673 4200 οὺχ
691 4124 773 4186 οὕτως
790 4124 942 4203 πεποίηκεν,
959 4124 975 4203 ἢ
996 4123 1060 4202 ὅπερ
1080 4125 1148 4188 ὅλως
1166 4126 1195 4181 οὐ
1213 4125 1358 4202 acacinm,
1377 4123 1431 4181 οἷόν

290 4222 355 4278 ἐστιν
373 4222 389 4300 ἡ
409 4222 516 4299 ἁμαρτία
534 4220 575 4277 καὶ
594 4219 606 4276 ὁ
626 4221 741 4281 θάνατος.
765 4221 844 4296 Ὑπὲρ
863 4221 934 4295 φύσιν
952 4219 1026 4288 ἐστὶν,
1046 4220 1121 4276 dcco
1140 4220 1277 4296 κρείττονος
1295 4222 1326 4277 od
1344 4223 1431 4298 γέγονε

290 4317 507 4393 μοταποιούμινον.
543 4317 619 4382 Οἶον,
644 4316 707 4371 κατὰ
731 4316 817 4391 φύσιν,
840 4312 853 4370 ὁ
876 4315 968 4394 γάμος·
987 4317 1058 4392 παρὰ
1081 4315 1166 4392 φύσιν,
1191 4316 1345 4394 ἡπορνοῖα·
1363 4317 1427 4393 ὑπὲρ

291 4412 375 4487 φύσιν,
394 4408 408 4465 d
427 4422 472 4465 τοῦ
490 4413 597 4486 Χριστοῦ
616 4410 716 4472 τόκος“.
847 4467 848 4472 ,

361 4507 383 4577 ²)
402 4509 457 4560 vid.
475 4523 559 4574 sopra
576 4523 639 4574 pag.
659 4509 701 4559 24.
911 4509 934 4576 ⁸)
952 4509 1007 4562 vld.
1026 4523 1109 4575 snpra
1127 4523 1188 4575 pag.
1210 4509 1251 4561 nt.
