3225 5217
1296 497 1316 558 'i

174 668 397 753 nopolitauum
415 668 450 752 ¹),
472 669 528 752 qui
540 667 703 733 Joanuem
713 666 939 733 Alexandriae
956 666 1158 752 Episcopum
1181 666 1316 731 ordinu-

174 788 278 861 verat,
290 787 324 845 et
336 800 410 845 euru
421 782 479 863 qui
489 779 532 844 ab
542 778 600 845 illo
611 780 720 845 fuerat
737 778 916 861 ordinatus,
932 776 1315 863 simulperuinxtssec')‚

173 890 288 975 pulsus
318 899 369 956 eet
397 910 458 955 suo
479 888 684 976 Episcopatu
706 889 749 955 oh
777 889 1034 973 indignationem
1055 888 1224 971 Jnetini“,
1257 889 1316 975 qni

174 1008 211 1066 ut
231 1003 279 1064 ait
289 999 453 1082 Valesius,
474 1000 636 1067 -Joaunem
649 998 891 1067 scholasticum
911 998 1082 1085 diligebm,
1103 1018 1125 1063 a
1137 1017 1204 1083 quo
1217 998 1321 1064 vide-

173 1111 251 1176 licet
271 1112 380 1176 iuerat
401 1119 578 1177 coronatus
592 1108 641 1195 Β).
1413 1111 1416 1122 “

259 1220 376 1305 Itaque
389 1220 586 1287 Anastasius
607 1224 641 1287 in
665 1220 801 1287 exilium
822 1220 938 1307 putans
960 1229 1013 1285 est
1032 1239 1119 1286 anno
1141 1219 1216 1302 570,
1238 1240 1314 1285 cum

173 1352 217 1396 ex
234 1330 414 1416 Nicephori
431 1330 595 1397 Chronico
617 1340 653 1397 et
669 1330 881 1417 Theophanis
901 1330 1023 1395 tabulis
1045 1328 1189 1395 sedisset
1209 1348 1314 1397 annos

172 1441 339 1524 undecim,
372 1443 443 1527 ejus
471 1450 581 1507 autem
614 1441 689 1505 loco
718 1438 903 1527 Gregorius
937 1440 1071 1525 quidam
1083 1438 1110 1523 ⁴)
1142 1440 1312 1528 illegitime

171 1552 347 1635 suffectus,
380 1572 479 1637 quern
505 1561 615 1619 tamen
642 1554 676 1616 in
702 1551 776 1618 aliis
801 1552 935 1617 abunde
963 1550 1078 1617 laudat
1098 1548 1262 1636 Euagrius
1275 1550 1311 1634 ⁶).

171 1662 239 1728 Ubi
259 1670 369 1728 autem
391 1662 587 1729 Anastasius
611 1663 691 1729 exul
711 1663 827 1746 fuerit,
857 1684 994 1748 prorsus
1020 1664 1181 1728 incertum
1209 1662 1312 1727 relin-

171 1777 281 1857 quitur
294 1770 330 1855 ⁶).
374 1774 427 1839 Ac
453 1777 556 1860 gratis
587 1773 721 1859 quidem
748 1776 893 1840 affirmat
917 1774 1142 1858 Damhargcr,
1175 1794 1250 1841 eum
1278 1775 1311 1837 in

169 1887 401 1949 monasterium
418 1883 550 1969 suum⁷)
571 1886 730 1971 rejectum
751 1886 857 1951 fuisse
878 1893 979 1970 atquo
1000 1884 1121 1951 ibidem
1143 1904 1204 1969 per
1219 1883 1312 1950 exilii

169 1998 220 2061 sni
252 1997 392 2081 spatium
422 1994 564 2081 degisse.
608 1994 756 2063 Tandem
786 2003 865 2081 post
893 1995 936 2061 23
968 2015 1072 2062 anuos
1101 2015 1122 2060 a
1148 1994 1310 2061 Mauricio

168 2104 373 2193 imperatore
392 2104 495 2191 (regn.
507 2106 550 2171 ab
566 2127 595 2171 a.
614 2106 800 2189 ter-602)
816 2109 960 2171 instante
977 2108 1135 2193 imprimis
1145 2105 1309 2192 Gregorio

169 2216 293 2301 Magno
320 2216 482 2281 Pontifice
510 2219 544 2281 in
576 2216 690 2283 sedem
724 2238 817 2281 suam
848 2219 1037 2298 restitutur,
1066 2216 1121 2283 vel
1151 2225 1229 2303 poet
1254 2217 1309 2282 vel

169 2380 478 2391 mmmm—m

237 2473 260 2539 ¹)
279 2476 386 2539 quippe}
396 2478 443 2539 qui
462 2474 590 2525 inlocum
599 2477 717 2525 viventis
729 2472 859 2539 Eutychii
873 2478 969 2525 contra
981 2473 1093 2539 regulae
1107 2473 1309 2525 ecdesiaatieas

166 2570 287 2619 intrusus
305 2568 411 2622 fuisset
447 2567 566 2635 (Valea.)

234 2676 257 2743 ⁸)
276 2681 377 2744 quippo
395 2681 442 2743 qu
465 2680 500 2730 ab
525 2678 573 2731 un
592 2677 913 2731 «enumeraturum
936 2680 980 2729 en
996 2644 1092 2729 unuh
1114 2690 1148 2729 ιο
1170 2677 1262 2729 leuem
1278 2681 1306 2729 u

166 2786 198 2823 se
213 2775 402 2837 pertraxisset.
440 2771 558 2839 (Valea.)

233 2881 258 2950 ⁸)
277 2882 501 2935 chricivaieeti
518 2886 609 2933 annot.
628 2880 663 2931 ad
681 2882 726 2933 iib.
737 2881 763 2947 t,
780 2898 804 2935 c.
817 2882 841 2933 t.
867 2882 938 2933 Htat.
956 2880 1055 2948 evagr.
1073 2886 1101 2933 tu
1118 2883 1188 2934 haee
1205 2881 1304 2934 verba:

166 2974 331 3049 npcorpipero
350 2973 377 3027 it
394 2970 436 3028 aui
454 2970 534 3049 ἔτερα.

234 3085 256 3153 ⁸)
275 3085 423 3151 Gregorius
448 3086 494 3135 hic
517 3089 588 3136 teste
606 3083 723 3151 Evagrio
748 3085 795 3134 lib,
814 3086 845 3150 5,
869 3099 928 3149 cap.
948 3085 975 3140 6,
1001 3083 1122 3134 Primum
1139 3088 1303 3135 monasterio

163 3162 358 3245 Byzantiorum
375 3180 510 3246 praefuit,
529 3176 627 3230 deinde
645 3193 710 3229 vero
729 3177 831 3229 Justtni
844 3178 926 3243 jussu
944 3177 1085 3229 monachia
1103 3176 1183 3229 Since
1201 3182 1302 3230 montis

163 3274 320 3339 praefectus
338 3275 412 3325 illinc
431 3274 466 3325 ad
485 3273 676 3327 Pontificatum
695 3278 825 3324 evocatus
843 3278 893 3326 eat.

233 3384 256 3453 ⁸)
273 3384 372 3451 Evagr.
391 3386 437 3437 lih.
457 3386 488 3451 h,
507 3399 530 3435 c.
550 3386 566 3436 θ
585 3388 613 3435 et
632 3384 817 3449 sequentibus.

235 3494 258 3562 ⁸)
277 3496 452 3563 „Eutychius
470 3496 578 3562 quidem
597 3499 648 3562 ait,
673 3499 882 3547 exauctoratum
898 3495 1074 3549 Anactorium
1093 3532 1125 3564 „„
1136 3496 1305 3547 dissimulato

163 3589 259 3641 habitu
276 3590 468 3657 iherosolym
492 3591 645 3657 proiectum
663 3604 740 3655 esse,
765 3590 814 3641 uhi
836 3592 864 3641 in
881 3591 983 3656 templo
1000 3591 1217 3642 Resurrectiouis
1234 3605 1303 3641 oan-

163 3682 275 3749 delapta
299 3685 406 3749 iactus,
435 3684 562 3737 lucernae
586 3683 758 3749 accenderit,
787 3699 876 3750 eoque
899 3700 1010 3736 munere
1036 3686 1070 3735 24
1092 3688 1170 3736 aunis
1193 3686 1304 3736 functus

163 3780 252 3829 stt...
271 3780 379 3830 nemine
403 3780 511 3831 interm
537 3780 626 3844 ipsum
649 3779 836 3845 patriarchatu
860 3779 983 3831 functum
1005 3793 1067 3829 esse
1085 3776 1303 3843 dignoscente““.
1346 3831 1348 3835 ,

164 3868 218 3925 Sed
235 3870 304 3925 haec
327 3886 381 3924 non
400 3870 547 3923 cohaerent
565 3887 626 3923 cum
651 3872 775 3939 epistolia
802 3876 890 3925 sancti
909 3873 1033 3939 Gregorii
1051 3872 1088 3921 M.
1107 3878 1165 3923 tum
1183 3871 1217 3923 de
1234 3874 1306 3938 ipso,

163 3968 222 4015 tnm
239 3964 274 4017 ad
291 3967 381 4033 ipsum
397 3965 517 4019 noudum
534 3970 693 4019 revocatum
711 3969 834 4033 scriptis,
852 3981 922 4032 qnae
941 3981 1007 4017 saue
1025 3971 1081 4016 tam
1098 3970 1221 4031 ignotum
1238 3966 1302 4034 hug.

163 4073 213 4125 per
236 4059 264 4110 id
288 4064 395 4126 tempus
418 4059 594 4112 Anastasinm
616 4064 773 4127 neutiquam
800 4061 966 4127 patiuntnr“.
1002 4062 1064 4129 (Ex
1085 4061 1147 4112 Aet
1171 4059 1232 4112 S&
1245 4061 1302 4117 Juli

163 4154 194 4203 Τ.
211 4154 261 4207 IV.
278 4170 305 4221 p.
324 4158 357 4207 ct
376 4158 403 4207 in
420 4154 493 4207 Edit.
512 4156 596 4223 Migo.
614 4156 716 4209 Petrol.
735 4156 781 4209 Gr.
800 4161 865 4209 tona
885 4158 926 4209 89.
945 4156 997 4207 col.
1018 4158 1085 4208 1304
1103 4155 1171 4222 OD.)

233 4265 255 4332 t)
273 4266 450 4333 Damherger,
468 4267 539 4318 Hiat
552 4267 661 4333 synchr.
680 4273 744 4319 tom.
758 4268 780 4318 1.
798 4282 862 4333 pag.
876 4268 926 4319 iiii
938 4271 966 4317 et
979 4268 1037 4319 1⁸4,
1065 4267 1198 4333 Inteliigtt
1211 4271 1302 4319 autem

162 4362 356 4414 murmurium
373 4364 474 4413 montis
491 4360 567 4415 Sinai
584 4361 633 4429 (nt.
650 4376 713 4429 pag.
732 4360 817 4428 tot),
833 4360 1019 4428 Nicephorum
1036 4365 1172 4414 errantem
1189 4366 1302 4415 aecntur

162 4456 199 4510 et.
217 4456 288 4511 tuna
305 4470 368 4527 pag.
387 4458 421 4509 u
437 4470 514 4523 sequ.
