3225 5217
296 509 340 574 ts

295 688 444 745 nostrum
464 683 597 746 minime
617 682 748 746 cumfit.
790 679 877 745 Nam
898 681 1049 746 codicum
1079 679 1343 764 inscriptionibus
1369 699 1435 742 nou

297 791 516 857 omnimodam
547 792 648 858 iidem
679 792 899 858 adhibendam
931 813 1026 874 esse,
1065 808 1110 857 ex
1139 792 1203 856 hac
1231 792 1305 876 ipsa
1336 809 1434 873 quarn

296 913 474 970 tractamus
500 907 695 989 quaestione
722 903 892 990 perlucide
923 913 1072 990 apparet
1115 902 1201 968 Nam
1234 903 1298 967 hoc
1327 905 1434 987 ipsum

296 1015 429 1101 Hodegi
450 1037 534 1101 opus
553 1019 589 1080 iu
610 1015 778 1081 codicibus
805 1017 1013 1081 inscribitur:
1045 1015 1105 1083 τοῦ
1125 1013 1161 1081 ἐν
1181 1007 1287 1102 aptore
1307 1007 1435 1080 'Aruo-

295 1125 580 1194 ruoloussaera‘iaov
601 1122 804 1208 Ἀντιοχείας
814 1118 1005 1194 ἐπισκόπου
1013 1117 1150 1215 Ὀόιῃός,
1173 1149 1281 1212 neque
1300 1128 1434 1220 dubium

298 1248 361 1322 est,
382 1243 462 1323 quin
478 1240 533 1304 hic
546 1239 664 1306 titulus
674 1242 809 1324 respicit
820 1239 1031 1305 Aumtasium
1041 1239 1262 1326 patriarchum
1275 1237 1436 1304 seniorem

297 1349 558 1433 Antiochenam,
588 1354 713 1437 quippe
733 1356 791 1436 qui
813 1351 915 1417 inerit
936 1354 987 1416 vir
1009 1353 1208 1418 clarissimus
1231 1362 1265 1417 et
1286 1352 1436 1416 columen
1533 1408 1539 1416 .

298 1463 508 1528 orthodoxae
518 1462 597 1528 ildei
610 1466 851 1547 inconcussum,
867 1468 919 1530 oui
931 1468 1030 1530 etiarn
1040 1464 1249 1552 Nicephorius
1256 1463 1437 1548 Hodegum

299 1575 457 1641 attribuit.
501 1575 600 1655 Quod
628 1596 727 1659 quani
760 1576 880 1641 falsum
910 1581 968 1659 sit,
998 1599 1042 1642 ex
1072 1579 1113 1642 iis
1135 1597 1220 1660 quac
1250 1566 1367 1661 postea
1394 1575 1437 1639 de

298 1695 448 1772 tempore
480 1690 624 1752 auctoris
655 1709 824 1771 eruemus,
860 1690 1126 1754 manifestissime
1159 1689 1295 1773 patebit.
1340 1685 1438 1767 Quod

299 1819 378 1883 ergo
396 1798 479 1862 baec
490 1799 659 1883 opuscula,
671 1819 756 1883 quoe
769 1799 850 1880 dixi,
870 1803 903 1863 in
914 1801 1078 1865 nonnullis
1091 1800 1260 1866 codicibus
1272 1799 1306 1866 S.
1317 1799 1438 1864 Jeanni

298 1909 506 1976 Damascena
527 1911 745 1993 ascribuntur,
767 1931 832 1976 uon
855 1920 916 1994 est,
940 1933 998 1976 cur
1020 1933 1060 1977 ea
1073 1933 1153 1976 uere
1175 1911 1272 1997 hujus
1284 1909 1318 1976 S.
1328 1911 1438 1976 Patris

300 2043 375 2088 asse
403 2021 585 2087 credamus.
628 2019 732 2087 Immo
761 2023 992 2090 celeberrimus
1014 2024 1157 2089 Michacl
1186 2024 1377 2108 Laquienus
1405 2023 1438 2084 in

298 2154 418 2199 noram
441 2133 617 2199 editionem
639 2154 775 2220 operum
797 2134 832 2201 S.
843 2134 983 2202 doannis
997 2136 1195 2201 Damasceni
1218 2155 1259 2200 ea
1280 2132 1439 2219 opuscula

299 2247 448 2311 inserere
467 2245 587 2328 noluit,
610 2249 688 2329 quia
711 2246 879 2312 Anastasii
902 2267 942 2310 es
964 2267 1039 2312 esse
1061 2249 1196 2332 agnovit
1211 2245 1243 2330 ἱ).
1288 2245 1438 2329 „Defini-

299 2357 425 2422 tioucs‘
452 2360 549 2426 etiam
572 2357 635 2422 sub
655 2360 785 2442 nomine
796 2357 831 2423 S.
843 2358 1016 2423 Athanasii
1039 2359 1319 2423 circumferuntur.
1343 2355 1439 2436 Quod

300 2468 512 2533 falsissimum
532 2488 624 2550 esse,
652 2469 709 2533 vel
730 2489 775 2533 ex
805 2489 846 2534 eo
876 2471 1037 2554 auspicari
1064 2470 1156 2554 licet,
1187 2468 1277 2554 quod
1298 2472 1332 2532 in
1360 2469 1440 2553 ipsis

300 2579 460 2663 citatm²)
497 2578 532 2646 S.
566 2577 747 2666 Gregorius
788 2579 980 2665 Nysaeuus,
1020 2585 1077 2666 qui
1115 2589 1192 2667 post
1225 2581 1452 2649 Athanasium

301 2691 369 2776 (ub.
388 2691 467 2772 ete)
489 2679 607 2756 claruit
627 2711 668 2756 ao
690 2691 820 2756 domum
842 2702 990 2758 monuus
1009 2701 1061 2759 est
1082 2717 1112 2760 a,
1136 2693 1211 2776 996,
1233 2691 1374 2776 ideoque
1397 2691 1440 2754 sb

301 2803 486 2868 Athanasio
508 2804 601 2869 citari
621 2806 681 2867 rix
703 2807 820 2888 potuit
855 2805 1035 2870 Praeterea
1058 2808 1090 2869 iu
1112 2805 1163 2869 bis
1186 2803 1440 2868 Definitionibus

302 2914 475 2980 disseritur
504 2917 602 2980 etiarn
632 2913 676 2978 de
702 2925 834 2991 natura,
861 2916 910 2982 de
941 2916 1161 3002 corruptibili,
1198 2917 1240 2981 de
1262 2905 1441 2995 voluntate,

302 3029 626 3112 proprietatemque
648 3029 858 3111 operatione,
888 3049 933 3092 ex
956 3047 1023 3112 qua
1045 3029 1242 3113 conjeceris,
1274 3035 1441 3090 auctorem

302 3139 476 3223 scripsisse
498 3146 618 3203 exorta
635 3137 979 3223 jam'Monotheletica
1000 3141 1219 3224 perversitate
1232 3137 1268 3220 ³).
1290 3138 1442 3221 Denique

305 3248 574 3332 „Delirutionw
598 3258 714 3316 auctor
736 3252 814 3335 ipse
844 3249 907 3318 sibi
929 3249 1074 3314 vindieat
1101 3253 1135 3314 in
1163 3252 1271 3336 capite
1291 3251 1345 3314 93.
1361 3245 1388 3332 ⁴)
1409 3251 1443 3311 in

302 3360 408 3426 relata
451 3359 691 3446 disceptatione
724 3359 899 3447 Gajanitae
933 3370 967 3426 et
1000 3359 1188 3426 Orthodoxi
1228 3359 1442 3444 quorundam,

303 3468 528 3537 Alexandriae
556 3470 687 3553 habita,
718 3475 752 3538 iu
773 3493 840 3556 qua
868 3494 941 3537 cum
965 3471 1118 3559 Gajanitu
1140 3473 1334 3556 quaesierit:
1370 3469 1443 3554 ,Et

305 3581 469 3667 quomodo
490 3583 585 3648 multi
607 3605 651 3649 ex
663 3583 723 3650 SS.
734 3585 889 3650 Patribus
906 3585 1073 3648 affirmant
1091 3605 1210 3669 corpus
1223 3582 1347 3649 Christi
1369 3603 1443 3647 esse

303 3693 596 3780 incorruptibilel⁴⁴
643 3695 875 3761 Orthodoxum
897 3699 944 3760 sic
966 3695 1219 3782 respondentem
1240 3695 1337 3760 facit:
1361 3693 1444 3776 „ln-

305 3805 516 3890 corruptibile
537 3814 572 3871 et
593 3807 805 3893 corruptibile
828 3807 979 3874 bifariam
1001 3811 1034 3872 in
1053 3808 1172 3874 divinis
1187 3807 1323 3872 Litteris
1345 3827 1445 3870 usur-

376 4254 398 4323 ¹)
417 4256 542 4326 Cellller,
565 4258 583 4308 l.
603 4273 626 4310 a.
644 4274 671 4324 p.
690 4260 755 4323 4313
786 4257 885 4309 Oudin.
904 4263 969 4310 torn.
988 4255 1024 4310 Π.
1043 4259 1094 4310 col.
1114 4259 1164 4312 560
1183 4265 1211 4310 ct
1230 4260 1289 4310 etl,

374 4378 397 4446 ²)
416 4380 468 4430 col.
486 4378 522 4432 db
537 4378 642 4446 a,ut1
660 4379 695 4432 dc
713 4382 872 4446 operatione
890 4379 1019 4446 loquitur.

375 4497 400 4567 ⁸)
417 4501 452 4551 cl.
471 4515 554 4568 supra
572 4517 635 4567 pag.
652 4501 686 4552 49
704 4505 761 4552 not.
781 4501 806 4552 2.
920 4551 924 4558 ,
1015 4501 1037 4568 a)
1057 4501 1108 4552 col.
1128 4503 1186 4554 999.
