3225 5217
1257 515 1319 580 lid

178 693 236 755 ont
256 705 301 755 ex
325 685 538 755 doemonibus
561 687 697 754 audebit
718 688 839 770 disere,
862 688 950 773 qnod
973 709 1024 772 eo,
1047 709 1132 773 quoe
1155 694 1207 752 est
1227 687 1321 772 ejus·

179 797 254 866 dem
276 800 372 865 simul
393 821 466 866 eum
490 801 565 868 Deo
588 803 751 880 essentie,
775 800 865 884 quod
886 801 931 866 sd
952 821 1083 866 onmem
1105 803 1233 881 attinet,
1254 818 1321 862 non

179 911 221 976 sit
249 909 292 974 ed
320 915 493 996 imaginem
516 921 550 977 et
572 912 815 978 similidutinem
843 916 932 998 ejus,
962 915 1021 997 qui
1050 933 1094 976 ex
1122 913 1197 996 ipsu
1223 919 1320 976 notus

179 1031 245 1106 eet3
268 1023 434 1106 quomodo
456 1027 540 1089 euim
564 1032 616 1090 est
637 1033 742 1090 meter
763 1023 950 1110 hujusmodi
968 1024 1047 1105 filii,
1066 1044 1132 1088 non
1153 1024 1265 1087 ferens
1286 1025 1320 1086 in

178 1155 214 1200 so
242 1137 404 1220 integrum
433 1143 467 1200 et
495 1136 642 1202 illaesam
672 1137 761 1202 fetus
789 1139 842 1202 sui
862 1136 1064 1222 imaginem“
1077 1135 1123 1217 ¹)i’
1146 1169 1188 1184 --
1209 1131 1321 1214 „Ose-

177 1248 323 1329 terum“,
345 1257 460 1312 ouotor
482 1249 679 1333 perpulchre
701 1252 761 1330 ait,
786 1270 873 1330 „non
892 1250 927 1312 in
943 1235 1108 1333 'ejicendis
1130 1246 1320 1325 daemoniis,

176 1378 238 1424 ueo
259 1359 293 1424 in
314 1359 416 1443 signis
439 1359 598 1425 fsoiendis
610 1360 771 1426 Dominus
785 1360 901 1424 definit
916 1360 1154 1444 perfectionem
1169 1358 1321 1436 hominis,

178 1473 234 1554 qui
256 1477 308 1538 est
328 1470 371 1536 sd
393 1472 458 1538 Dei
478 1473 653 1558 imaginem
675 1480 710 1536 et
730 1471 986 1554 similitudinem,
1007 1480 1046 1535 nt
1068 1469 1202 1554 quondo
1224 1468 1320 1532 dieite

178 1584 320 1664 „Dicent
351 1583 428 1647 mihi
462 1585 495 1647 in
524 1583 580 1648 illo
609 1584 677 1664 die
717 1565 873 1665 Domine,
908 1604 1017 1647 onnon
1044 1585 1081 1646 in·
1105 1590 1163 1647 tuo
1191 1581 1320 1644 nomino

177 1695 295 1764 multas
323 1681 461 1760 viitutes
490 1695 651 1760 fecimus?
682 1704 716 1762 et
744 1695 851 1760 dicem
867 1698 946 1760 eis:
977 1695 1085 1758 Amen
1111 1691 1187 1758 dieo
1213 1691 1320 1772 robis,

177 1809 289 1872 neseio
313 1805 417 1889 vesi).
461 1805 531 1872 Sed
552 1807 751 1892 ‚,Diligite“,
772 1811 896 1892 inquit,
925 1809 1094 1889 „iniurioos
1115 1813 1263 1884 vostros,
1285 1810 1321 1866 ot

176 1917 361 1987 benedicite
382 1921 439 2002 iis,
462 1922 518 2003 qui
540 1941 602 1984 vos
625 1927 839 2002 execrantem
866 1919 1052 1984 benefacite
1073 1920 1134 1999 iis,
1156 1918 1215 2001 qui
1235 1913 1320 1979 ode·

176 2038 253 2098 mut
281 2051 360 2112 vos,
392 2039 427 2096 et
457 2040 548 2096 orote
576 2054 636 2116 pro
665 2034 725 2114 iis,
761 2033 819 2114 qui
846 2031 943 2096 vobio
970 2030 1146 2113 insultant,
1182 2037 1220 2093 nt
1247 2028 1320 2092 sitis

176 2142 298 2210 similes
320 2144 429 2208 Patris
451 2147 570 2226 vestri,
592 2146 649 2227 qui
670 2146 703 2207 in
725 2143 827 2208 eoeiis
849 2141 982 2226 est“³)3
1011 2145 1045 2206 in
1065 2144 1188 2205 virtute
1209 2140 1321 2205 ehari-

176 2258 255 2322 totis
278 2255 438 2320 definiens
460 2275 535 2320 osse
556 2254 600 2319 sd
621 2256 686 2320 Dei
708 2254 962 2338 similitudinem.
1006 2246 1187 2333 Quomodo
1202 2261 1237 2317 et
1250 2261 1321 2336 'per

179 2366 317 2432 Paulum
340 2368 478 2452 loquens
503 2367 619 2433 eodem
635 2388 714 2432 usus
733 2365 1166 2453 estregulnetdefinitioue,
1188 2362 1320 2448 quondo

179 2482 271 2546 dieit:
306 2478 466 2561 „Etiamsi
486 2481 606 2566 linguis
628 2480 795 2543 hominum
819 2479 951 2562 loquor,
980 2479 1142 2542 et-soiom
1162 2477 1321 2561 mysterio

180 2597 304 2675 omnis,
339 2601 374 2658 et
407 2614 535 2658 omnem
572 2593 791 2676 cognitionem
823 2600 858 2656 et
886 2611 1021 2656 omnem·
1042 2590 1181 2655 habeam
1209 2587 1321 2669 fidem,

180 2709 227 2770 itn
253 2713 290 2770 ut
316 2713 444 2769 montes
470 2703 685 2784 transierum,
715 2701 907 2767 charitatem
935 2710 1045 2766 sutem
1070 2723 1136 2766 non
1162 2699 1320 2778 habuero,

179 2817 260 2882 nihil
280 2816 359 2880 mihi
379 2816 517 2901 prodest
526 2816 574 2852 ‘⁶⁶‘
584 2815 618 2899 ⁴).

152 3014 156 3022 Ι
266 2929 371 2992 Porro
402 2928 564 2992 Adomum
597 2937 712 3014 typum
746 2930 850 2994 fuisse
880 2926 1020 3011 Christi,
1059 2930 1183 3014 possim
1213 2925 1320 2988 fusius

183 3031 345 3124 explieat,
367 3047 405 3102 ut
426 3039 510 3104 libro
532 3039 598 3136 vii
613 3039 650 3123 ῆι
677 3039 749 3122 ,Ab
773 3061 842 3120 esu,
863 3041 978 3124 inquit,
1000 3035 1108 3105 Adam
1128 3055 1247 3121 pessus
1270 3042 1322 3098 est

87 3187 96 3198 ·
178 3159 330 3234 mortem3
364 3151 575 3236 quomobrem
601 3151 752 3217 Christus
775 3170 926 3234 quoqne,
956 3171 1033 3214 eum
1052 3151 1255 3214 surrexisset
1276 3146 1320 3210 ob

179 3283 237 3328 esu
253 3283 386 3346 coense,
408 3265 499 3329 venit
512 3263 556 3328 sd
570 3266 757 3349 passionem
774 3270 809 3328 et
823 3269 970 3327 mortem.
1003 3263 1071 3325 Per
1082 3259 1188 3323 Evam
1200 3278 1320 3343 possus

180 3383 232 3440 est
263 3375 392 3458 Adsm3
436 3375 585 3440 similiter
625 3377 723 3440 etism
757 3373 909 3439 Christus
947 3393 1066 3458 pessus
1099 3378 1151 3436 eet
1183 3378 1321 3455 propter

179 3593 593 3603 mm

250 3753 272 3822 ¹)
291 3755 343 3806 eol.
362 3757 412 3808 936
429 3755 460 3806 B.
487 3755 608 3806 Eandem
625 3755 817 3806 Beatissimom
829 3754 968 3818 Virginem
985 3752 1055 3803 libro
1072 3751 1137 3803 XII.
1156 3748 1207 3799 ool.
1220 3746 1318 3800 105313

179 3855 278 3914 voest3
305 3847 368 3925 „rip
391 3827 526 3923 ieronimus
545 3845 628 3924 ζωὴν,
648 3847 705 3924 χὴν·
719 3847 814 3923 μητέρα
831 3857 875 3924 της
894 3844 974 3922 ζωῆς,
1000 3843 1134 3919 ζωηφίριν
1159 3841 1250 3919 σκηνὴν
1275 3853 1320 3918 της

66 3949 70 3960 “
181 3941 307 4018 ἀκηράτου
326 3943 438 4017 odoros,
464 3939 509 4020 τὴν
527 3941 650 3998 θιιτὸκοι
668 3939 710 3996 καὶ
729 3939 856 4015 Θιοδόχον
878 3938 919 3995 καὶ
944 3937 1101 4014 Oenopione,
1128 3937 1256 4013 iidpdrrou
1278 3935 1319 3990 καὶ

180 4036 359 4112 Ἀιιπάρθειοι
377 4036 501 4112 Μιιρίιιιι*Ι
533 4087 536 4092 ,
1243 4035 1248 4045 ’

249 4133 271 4200 ²)
291 4135 388 4185 Matth.
408 4139 437 4200 7,
457 4137 497 4184 22.
517 4136 549 4186 23
624 4131 629 4144 '
663 4159 665 4166 ·

250 4227 273 4293 ⁸)
291 4229 389 4280 Matth.
409 4230 438 4296 5,
456 4233 499 4281 44.
517 4226 562 4294 453
581 4229 648 4280 Lue.
667 4232 697 4296 6,
716 4230 757 4280 27.
777 4231 819 4280 28.

249 4321 272 4389 ⁴)
290 4322 305 4373 Ι
322 4322 382 4374 Cor.
404 4322 453 4404 13ι
470 4326 499 4389 23
530 4325 582 4376 eol.
601 4325 652 4378 935
671 4323 707 4391 0,
731 4325 779 4375 ubi
796 4323 894 4374 verbo:
921 4322 1155 4390 „charitatem...
1172 4317 1317 4372 hebuero“

181 4416 281 4469 desunt
299 4433 365 4470 essu
382 4422 474 4471 neseio
493 4434 555 4484 quo.

250 4513 272 4580 ¹)
292 4514 343 4566 ool.
361 4517 420 4566 944.
