3225 5217
1267 521 1330 586 139
1389 464 1398 485 ⁸

190 700 404 786 templantur,
432 710 465 766 et
488 721 533 766 ex
554 699 706 766 Ecclesia
727 701 792 765 Dei
815 699 952 785 lupanar
972 718 1034 784 per
1055 696 1232 777 effrenatas
1253 715 1330 760 suas

191 811 385 896 cupiditates
405 813 561 878 efficiunt.
604 812 670 876 Alii
688 833 767 877 vero
785 811 827 876 de
845 813 986 896 negotiis
1003 810 1077 875 aliis
1095 817 1128 874 et
1142 809 1332 894 possessio·

190 925 285 989 nibus
307 926 375 989 suis
404 925 594 1005 conferunt,
628 933 662 989 et
689 925 857 988 inferum
885 931 988 1007 atque
1013 923 1200 1006 emporium·
1224 920 1331 984 locum
1422 970 1425 977 .

190 1034 279 1099 illum
301 1037 472 1102 tremenda
493 1036 550 1100 illa
572 1038 654 1102 hora
675 1045 817 1100 vertunt.
861 1035 930 1129 Alii
956 1037 992 1102 in.
1017 1036 1138 1118 synaxi
1163 1023 1238 1096 'aliis
1268 1031 1332 1096 de-

190 1147 323 1211 trahunt
346 1155 379 1212 et
401 1148 645 1232 obloquuntur,
667 1150 768 1213 etiam
795 1150 877 1232 ipsis
899 1145 1126 1211 sacerdotibus
1148 1147 1205 1228 qui
1226 1145 1333 1208 saeri-

190 1259 298 1324 ficium
323 1261 472 1324 offerunt.
516 1257 624 1324 Extra
646 1259 732 1324 hunc
753 1280 886 1324 censum
918 1255 1132 1322 collocandae
1159 1279 1225 1322 non
1255 1264 1333 1322 sunt

164 1371 344 1466 ‘mulieres
365 1371 557 1454 nonnullae,
581 1391 666 1456 quae
688 1392 753 1436 uon
775 1380 902 1436 tantum
923 1379 1043 1437 vacant
1063 1391 1124 1455 per
1152 1371 1331 1434 orationem

191 1483 362 1548 Ecclesiae
380 1484 461 1566 Dei,
484 1491 642 1567 quantum
656 1483 788 1548 diabolo
810 1503 870 1567 per
891 1482 956 1547 hoc
977 1482 1067 1566 quod
1088 1483 1332 1566 conspiciuntur

189 1595 376 1679 multosque
406 1615 451 1660 ex
478 1596 730 1681 simplicioribus
759 1595 930 1688 seducunt.
981 1594 1064 1661 Cum
1093 1597 1192 1679 igitur
1218 1601 1332 1658 nostra

190 1707 273 1773 haee
295 1710 503 1772 commonitio
525 1717 700 1791 utrumque
722 1728 856 1790 sexum,
878 1711 968 1773 viros
983 1706 1109 1772 scilieet
1126 1714 1161 1770 et
1178 1705 1331 1769 mulieres

192 1819 464 1905 comprehendat,
488 1840 528 1884 ea
550 1839 672 1904 queror
695 1829 729 1885 et
750 1821 906 1905 deploro,
928 1840 1014 1904 quae
1036 1819 1133 1884 nobis
1153 1819 1211 1901 qui
1232 1815 1332 1881 Obri-

190 1934 287 2006 stiani
303 1931 470 2015 uidemur,
492 1935 626 2017 propria
646 1930 820 2022 desidialet
841 1939 1049 2016 contemptus
1070 1932 1209 2016 peperit
1242 1928 1331 2008 Quid

191 2046 276 2110 enim
304 2047 439 2130 gravius
467 2065 558 2108 more
587 2045 660 2126 illo,
690 2044 800 2128 quod,
834 2065 909 2110 cum
937 2045 1078 2128 rapinis,
1110 2041 1330 2127 improbitate,

191 2157 346 2239 omnique
376 2155 536 2220 scelerum
577 2177 700 2242 genere
739 2155 867 2241 oppleti
905 2158 1024 2235 simus,
1063 2154 1207 2239 paucula
1244 2173 1331 2237 aqua

190 2285 305 2331 manus
334 2265 513 2351 abluimus,
547 2271 662 2351 sicque
692 2287 821 2332 merum
851 2267 942 2331 illum
971 2285 1091 2352 corpus
1120 2263 1362 2359 divinumque,

192 2381 396 2463 sanguinem,
425 2401 487 2464 pro
515 2379 621 2444 salute
650 2379 762 2444 mundi
787 2380 945 2461 effusum,
974 2377 1131 2442 immundi
1160 2385 1194 2442 et
1220 2375 1332 2442 sordi·

193 2488 261 2553 datl
282 2487 502 2576 percipimus?

277 2601 397 2667 Nonne
419 2602 529 2685 vides,
557 2601 723 2687 quomodo
745 2601 869 2685 Judas,
896 2601 1029 2688 indigne
1047 2600 1172 2667 Christi
1191 2621 1332 2686 corpore

191 2722 348 2800 sumpto,
372 2717 482 2779 statim
512 2713 684 2780 damnatus
714 2723 781 2798 est,
815 2715 959 2800 plusque
986 2714 1051 2778 luci
1076 2712 1221 2798 maligno
1249 2733 1332 2798 sup·

189 2825 361 2910 peditavit
404 2827 533 2892 Dicitur
556 2829 658 2891 enims
703 2807 769 2908 ,Et
791 2835 929 2910 accepta
949 2825 1117 2905 buccella,
1147 2826 1258 2889 statim
1277 2826 1332 2887 in·

189 2941 303 3002 univit
323 2941 356 3001 in
372 2940 478 3024 ipsum
493 2937 653 3017 &lonast
669 2938 707 3020 ');
730 2957 795 3000 non
818 2937 907 3020 quod
929 2935 1078 3001 diabolus
1099 2957 1219 3020 panem
1239 2935 1331 3001 illum
1429 2940 1432 2944 ’

191 3047 392 3133 despiceret,
423 3049 483 3114 sed
510 3057 548 3113 ut
571 3070 645 3115 eum
667 3051 724 3133 qui
746 3055 933 3132 sumpserat
953 3047 1184 3133 redargueret3
1214 3051 1246 3112 in
1276 3049 1330 3134 ju-

190 3159 309 3224 dicium
337 3163 422 3224 enim
450 3182 543 3225 suum
571 3169 764 3246 sumpserat
807 3161 883 3240 Qua
910 3162 996 3224 euim
1023 3161 1241 3242 conscientia,
1277 3158 1331 3222 dic

189 3273 284 3355 mihi,
306 3271 438 3338 accedis
460 3271 503 3336 ad
524 3273 607 3336 haec
628 3275 801 3356 mysteria,
831 3274 943 3356 quiin
965 3272 1100 3356 pettore
1122 3271 1226 3337 habes
1248 3291 1330 3336 con-

190 3386 359 3450 scientiam
381 3389 429 3450 tui
451 3384 708 3450 accusatricem?
752 3386 816 3450 Dic
845 3402 924 3470 age,
955 3388 984 3449 si
1013 3403 1151 3449 coenum
1180 3383 1336 3471 manibus-

112 3547 117 3554 .
190 3507 358 3586 gestares,
390 3497 570 3562 auderesne
592 3500 701 3584 regias
724 3507 837 3564 vestes
860 3496 1047 3584 attingere?
1075 3505 1110 3562 et
1131 3494 1211 3579 quid
1232 3493 1330 3559 dico?

189 3631 231 3676 ne
259 3619 334 3676 tuas
368 3609 500 3694 quidem
528 3619 640 3676 vestes
672 3618 826 3695 tangeres
855 3613 1045 3694 inquinatis
1068 3608 1233 3689 manibus,
1270 3605 1330 3671 sed

189 3727 281 3810 prius
302 3722 379 3787 lotis
401 3725 564 3807 tersisque
587 3723 751 3805 manibus,
779 3731 858 3788 tunc
888 3722 1017 3804 demum
1044 3729 1158 3786 vestes
1178 3727 1254 3784 tuas
1275 3726 1331 3783 at·

189 3840 344 3923 tingeres.
390 3833 458 3901 Cur
479 3838 579 3922 igitur
601 3855 691 3918 eum,
724 3855 823 3919 quem
850 3819 986 3900 vilibus‘
999 3834 1205 3898 vestimentis
1226 3831 1330 3896 habes

190 3949 360 4030 honorem,
382 3964 447 4010 non
469 3945 582 4011 itidem
604 3949 751 4031 impertis
771 3946 869 4013 Deci
911 3945 957 4011 Et
979 3966 1077 4030 qnam
1098 3946 1237 4026 veniam,
1260 3965 1329 4024 oro,

190 4058 422 4142 consequeris?
466 4058 584 4142 Neque
613 4061 698 4123 enim
725 4058 852 4143 ingredi
873 4060 907 4122 in
928 4056 1112 4122 Ecclesiam
1134 4055 1329 4138 divinasque

189 4192 354 4236 sacrarum
376 4173 552 4258 imaginum
574 4171 697 4258 figuras
719 4171 993 4253 venerandaeque
1023 4189 1138 4233 cruces
1167 4168 1330 4232 bonorare

260 4529 281 4596 1)
297 4529 359 4580 rou.
379 4533 425 4596 rs,
445 4532 487 4580 ar.
