3225 5217
1261 511 1299 576 61

161 683 306 750 Perinde
327 704 367 749 ec
390 687 419 748 si
440 705 551 750 errare
580 684 755 748 humanum
786 685 935 764 nonsit,
966 691 1066 766 etque
1090 703 1133 748 en
1157 704 1197 746 eo
1219 685 1303 767 ipso,

162 795 253 878 quod
281 798 356 879 quis
385 797 518 860 veritati
548 799 654 862 minus
691 818 869 861 consonum
902 794 1025 878 aliquid
1062 794 1230 876 retulerit,
1270 796 1303 856 in

160 913 354 991 posterioris
364 909 489 974 saeculi
498 918 650 993 tempora
671 910 716 972 sit
733 906 975 988 detrudendus,
998 905 1052 971 vel
1074 907 1167 989 qussi
1189 913 1304 969 auctor

163 1020 286 1084 saeculi
307 1022 438 1106 septimi
459 1042 526 1085 666
547 1041 653 1104 aeque
676 1040 787 1086 errare
810 1021 972 1104 potuerit,
1005 1039 1047 1082 ne
1075 1015 1318 1110 mendacitatis

162 1130 197 1194 id
220 1152 294 1196 esse
316 1153 390 1196 cum
413 1130 544 1196 Oudino
565 1133 721 1216 injuriose
744 1131 867 1212 616666,
898 1151 938 1193 66
964 1131 1104 1213 scriptor
1131 1130 1302 1210 quisquam

163 1244 287 1306 6666611
309 1243 480 1316 undecimi.
524 1241 622 1322 Quod
644 1244 746 1326 igitur
755 1241 951 1306 Anastasius
973 1248 1086 1304 noster
1108 1240 1304 1322 Dionysium

163 1354 425 1419 Alexandrinum
447 1354 730 1437 archiepiscopum
758 1352 882 1436 allegat
911 1352 1036 1416 scholia
1065 1328 1238 1436 scripsisse
1270 1352 1304 1412 in

165 1467 389 1550 cognominem
408 1465 604 1548 Dionysium
615 1464 864 1549 Areopagitsm,
887 1463 993 1528 solum
1017 1483 1060 1526 ex
1082 1483 1122 1526 eo
1144 1463 1303 1545 sequitur,

164 1572 1304 1660 6666166166]111666666666666166161666,61666666666666666

165 1688 245 1752 iacit
255 1688 473 1772 6666166666),
496 1695 531 1751 et
549 1695 586 1750 ut
598 1696 716 1772 666166
732 1683 953 1767 6166616661),
976 1685 1151 1750 Martinam
1167 1685 1304 1769 Pupam,

165 1801 222 1881 qui
229 1798 510 1864 Ecclesiamrexit
523 1800 566 1864 ub
573 1821 603 1863 a.
609 1800 673 1862 649
681 1798 761 1862 666.
772 1798 847 1879 655,
860 1797 1034 1861 Pontificio
1043 1795 1126 1861 solio
1134 1795 1304 1860 sedentem

164 1911 268 1975 refert
283 1910 400 1976 codem
421 1918 570 1995 tempore
588 1931 655 1993 quo
676 1911 828 1995 regnavit
839 1907 1014 1972 Heraclius
1036 1911 1225 1992 imperator,
1249 1909 1305 1990 qui
1378 1903 1382 1917 '

161 2022 229 2106 jum
251 2044 281 2086 6.
303 2023 377 2086 661.
405 2023 611 2089 decesserat,
650 2020 753 2086 Immo
783 2041 849 2084 non
882 2019 987 2083 solum
1011 2020 1222 2084 Anastasium
1253 2019 1305 2084 hic

166 2155 296 2198 errasse
330 2135 447 2218 conjici
479 2133 574 2213 licet,
608 2153 722 2197 verum
757 2135 855 2198 ctiam
888 2131 1061 2214 aequales,
1101 2151 1201 2214 quum
1234 2132 1305 2214 ipse

165 2244 378 2325 6666166666,
417 2247 474 2329 qui
509 2244 693 2308 haereticos
722 2245 854 2328 saepius
884 2244 1030 2328 graviter
1057 2244 1180 2326 arguit,
1217 2243 1305 2324 quod

166 2365 199 2420 et
221 2356 424 2442 Scriptorum
447 2364 481 2422 et
502 2357 621 2421 Patres
652 2355 886 2440 depravarent,
917 2354 1000 2418 haec
1022 2353 1173 2436 Dionysii
1195 2351 1306 2416 Areo-

164 2469 297 2551 pagitae
318 2469 442 2550 scripta
463 2473 577 2532 contra
600 2467 786 2530 haereticos
808 2473 909 2549 atque
931 2465 975 2530 ad
998 2463 1202 2528 orthodoxos
1225 2485 1306 2528 con-

165 2577 342 2642 firmandos
375 2578 519 2663 allegare
553 2577 641 2642 haud
674 2570 812 2642 dubitet.
869 2577 1003 2642 Minime
1036 2596 1116 2641 vero
1150 2578 1306 2660 sequitur,

167 2698 335 2757 auctorem
353 2690 487 2755 saeculo
505 2692 688 2774 posteriore
699 2697 784 2754 6166
795 2687 928 2772 quidem
942 2688 1113 2752 undecimo
1124 2666 1306 2772 scripsisse.

167 2800 264 2880 Quod
291 2811 401 2867 autem
424 2800 572 2866 0661666
601 2821 693 2866 meus
722 2800 922 2865 clarissimus
946 2798 1065 2864 deinde
1089 2797 1177 2878 dicit,
1200 2798 1307 2880 „nihil

167 2917 301 2994 mirum,
341 2914 431 2998 quod
463 2914 603 2978 Photius
631 2912 819 2996 patriarcha
837 2910 937 2991 CR,
977 2913 1034 2993 qui
1067 2913 1153 2974 circa
1184 2931 1214 2972 a.
1244 2911 1307 2974 860

167 3025 407 3090 Bibliothecam
428 3026 659 3108 composuerit,
681 3022 804 3087 nullam
828 3038 964 3106 operum
985 3023 1121 3086 istorum
1139 3019 1308 3113 Ansstusii

168 3139 271 3203 nostri
280 3139 479 3201 mentionem
494 3137 616 3201 1661611ι
629 3133 667 3219 3),
689 3137 799 3215 miror,
822 3133 1046 3198 doctissimum
1057 3131 1308 3196 6666666166-

168 3249 306 3334 fugisse,
328 3266 431 3312 exeo
450 3245 734 3333 argumentonihil
747 3235 879 3309 omuino
891 3243 1017 3328 profici,
1041 3263 1140 3325 quum
1152 3241 1308 3306 Photium

168 3381 235 3425 non
256 3379 369 3424 omnes
397 3361 575 3442 scriptores
603 3359 638 3420 in
653 3355 866 3422 Bibliotheca
900 3375 959 3418 sua
991 3353 1196 3418 recensuisse
1228 3371 1307 3418 6666

169 3469 318 3536 0661666
340 3472 412 3554 1666
435 3471 558 3553 optime
579 3470 734 3534 novoria.
807 3525 811 3532 .

171 3629 176 3642 .
254 3584 426 3647 Decimum
455 3590 490 3646 et
516 3579 552 3645 id
573 3578 707 3662 quidem
733 3579 881 3643 ultimum
912 3575 1138 3662 argumentum
1161 3573 1331 3659 Oudiuus⁴

170 3698 268 3761 sumit
290 3717 334 3760 ex
357 3717 409 3771 eo,
430 3692 521 3777 quod
542 3691 614 3757 vult
624 3689 649 3773 ⁴)
673 3693 866 3774 scriptorem
889 3691 987 3754 istum
1010 3687 1144 3773 Hodcgi
1165 3687 1309 3771 allegere

170 3815 270 3890 etque
304 3809 400 3870 ctiam
437 3805 545 3870 fusim
577 3803 746 3889 explicare
779 3799 941 3885 quaedam
976 3798 1134 3885 opuscula
1173 3797 1308 3863 alterius

170 3917 338 3982 Anastasii
349 3915 495 3996 Siuaitae
514 3913 757 3980 etAntiochcni
772 3915 920 3998 episcopi
940 3914 1070 3976 nomine
1091 3913 1189 4004 tertii,
1212 3929 1309 3992 quem

134 4022 138 4032 “
170 4032 318 4116 assignat
339 4027 382 4091 66
403 4049 433 4092 6.
456 4027 520 4092 685
545 4035 578 4092 61
600 4027 692 4111 cujus
715 4033 849 4090 exstare
873 4022 990 4106 616111)
1014 4020 1310 4106 „compendiariam

241 4406 264 4473 ¹)
282 4423 308 4458 v.
326 4421 411 4471 supra
426 4420 490 4470 pag.
503 4407 545 4456 30.
582 4403 605 4470 ²)
622 4419 686 4469 pag.
706 4406 747 4454 to.
776 4400 907 4468 ⁸)Oudin.
926 4405 992 4452 tom.
1010 4399 1044 4450 Π.
1064 4397 1115 4450 661.
1134 4398 1185 4450 563
1204 4395 1309 4447 61560.

242 4501 264 4569 ⁸)
283 4499 382 4552 06616.
400 4505 465 4553 tona
483 4500 519 4550 IL
537 4499 589 4550 661.
610 4499 669 4550 564.
722 4498 743 4564 ⁵)
762 4496 861 4549 06616.
880 4502 944 4548 tom.
963 4495 984 4554 Ι.
1004 4492 1055 4546 col.
1075 4493 1151 4546 1666.
