3225 5217
569 1186 741 1280 CAPUT
768 1187 883 1280 VIII.

153 1343 306 1424 Qunn‘mn
323 1363 478 1414 risurum
496 1365 544 1414 nn
563 1364 611 1418 ss.
630 1365 881 1418 nuonnarsrm
899 1367 1113 1418 annuamus
1130 1366 1297 1420 suasm-

228 1455 309 1509 srus
328 1455 543 1510 sinantur
561 1459 796 1512 Annsrnsrus
816 1461 927 1512 aaron
945 1461 1215 1513 samositanus.

239 1655 379 1733 Qualem
406 1655 603 1722 Anastasius
630 1665 744 1722 noster
776 1647 904 1722 Sinaita
934 1657 976 1722 de
1007 1655 1066 1724 SS.
1088 1656 1298 1723 Eucharistia

152 1776 293 1831 mentem
316 1767 484 1850 habuerit,
509 1791 552 1833 ex
576 1761 646 1855 ejus
670 1773 772 1854 ipsius
795 1770 906 1834 verbis
929 1792 993 1834 non
1015 1773 1130 1854 paneis
1148 1770 1297 1854 judicare

33 1876 35 1887 '
151 1877 237 1941 lieet.
272 1877 362 1943 Dicit
385 1882 469 1942 enirn
492 1881 680 1966 inHodego
705 1903 775 1966 cap.
801 1881 850 1946 13.
871 1881 892 1963 ¹)
916 1890 1030 1945 contra
1052 1879 1261 1946 Timotheum
1271 1881 1297 1966 ²)

152 1989 435 2074 Monophysitam:
461 1991 605 2077 ,Impius
630 2000 680 2056 est
703 1992 895 2057 Timotheus
906 2009 927 2074 ,·
938 2015 1010 2057 cum
1033 1996 1095 2057 ait:
1127 1993 1297 2076 „„Natura

153 2099 275 2165 Christi
298 2111 375 2187 post
405 2107 660 2168 incarnatIonem
691 2113 742 2168 est
776 2104 848 2168 sola
883 2104 1097 2169 divinitas““.
1142 2104 1179 2170 Si
1212 2108 1297 2168 enirn

153 2210 304 2278 Christus
338 2223 389 2279 est
420 2215 491 2279 sola
524 2215 696 2297 divinitas,
730 2215 883 2280 divinitas
916 2238 997 2280 vero
1032 2217 1093 2281 sub
1124 2219 1231 2280 visum
1265 2224 1298 2280 et

151 2331 274 2388 tactum
296 2347 361 2390 non
384 2326 481 2408 cadit,
504 2347 611 2410 neque
627 2327 804 2392 sacrificari
823 2335 944 2412 potest,
968 2328 1187 2392 membrorum
1202 2327 1298 2392 simul

153 2443 186 2500 et
209 2457 285 2501 esus
309 2458 448 2522 expers,
478 2438 604 2523 liquido
627 2439 815 2521 conficitur,
838 2438 1061 2519 Timotheum,
1090 2437 1295 2504 Iudaeorum

35 2616 37 2627 ¹
150 2552 263 2630 instar,
286 2549 423 2615 inficiari
445 2549 637 2616 sacrificium
665 2559 699 2616 et
722 2555 980 2616 communionem
1003 2553 1297 2616 sacratissimorum

151 2665 381 2744 mysteriorum
411 2663 558 2746 eorporis
591 2671 625 2727 et
654 2665 821 2748 sanguinis
849 2663 989 2745 Christi,
1022 2684 1130 2746 neque
1161 2663 1296 2727 eredere

151 2793 296 2856 vereque
311 2775 458 2839 eonfiteri
472 2797 590 2860 eorpus
606 2783 639 2840 et
655 2777 845 2858 sanguinem
858 2773 982 2840 Christi
993 2774 1133 2857 visibile,
1152 2784 1297 2839 creatum

35 2878 38 2915 ³
153 2893 186 2948 et
208 2872 364 2950 terrestre
394 2907 485 2970 esse,
520 2887 610 2970 quod
642 2887 783 2950 offerens
813 2886 915 2949 tradit
940 2886 991 2950 his
1013 2887 1123 2951 verbis
1152 2889 1297 2972 populo:

154 2994 325 3082 „„Corpus
349 3005 382 3062 et
404 3001 537 3083 sanguIs
550 2999 682 3062 Domini
706 3006 738 3061 et
756 2997 822 3061 Dei
844 3006 878 3060 et
894 2996 1076 3062 Salvatoris
1098 2997 1297 3062 nostriJesu

36 3127 37 3136 ¹
154 3105 328 3173 obrisum.
373 3108 409 3175 Si
432 3112 517 3179 enirn
540 3109 643 3174 solam
667 3109 869 3173 dlvinitatem
897 3115 1045 3171 naturam
1070 3107 1195 3202 Christi⁴
1222 3130 1296 3173 esse

153 3221 286 3301 asserit,
320 3224 425 3284 teneri
453 3203 580 3303 autem,
614 3229 647 3285 et
674 3221 800 3304 frangi,
836 3228 869 3283 et
899 3220 1016 3301 dividi,
1051 3227 1085 3283 et
1117 3221 1150 3282 in
1180 3228 1293 3305 partes

154 3329 321 3414 distrIbui,
345 3341 379 3395 et
402 3332 542 3413 effundi,
567 3339 601 3396 et
624 3322 806 3413 exhauriri,
838 3340 871 3396 et
893 3334 1120 3412 transmutari,
1154 3338 1186 3394 et
1210 3329 1294 3393 den-

37 3426 39 3511 l
153 3443 242 3506 tibus
273 3445 413 3524 conteri,
448 3465 469 3506 a
498 3442 668 3507 divinitate
691 3464 826 3527 prorsus
852 3443 1017 3524 abhorret,
1047 3445 1081 3505 in
1103 3441 1295 3506 alterutram

38 3583 41 3590 ’
113 3631 128 3650 ἱ
154 3554 286 3618 foveam
298 3553 490 3619 Timotheus
514 3554 637 3619 ineidat
659 3555 807 3639 oportet,
830 3563 867 3618 ut
885 3563 942 3618 aut
962 3555 1164 3618 divinitatem
1186 3551 1297 3635 passi-

154 3664 253 3728 bilem
277 3674 311 3729 et
331 3665 521 3730 mutabilem
544 3673 682 3748 statuat,
706 3675 763 3730 aut
784 3673 885 3752 neget
906 3686 1026 3750 corpus
1049 3673 1083 3728 et
1104 3665 1296 3748 sangumem

156 3774 299 3858 Christi,
323 3796 409 3859 quae
432 3777 530 3841 offert
553 3785 586 3842 et
608 3777 784 3842 manducet
807 3781 840 3840 in
861 3779 1003 3860 mystica
1024 3797 1153 3857 mensa,
1176 3763 1315 3850 traditr

156 3908 220 3973 que
244 3887 295 3952 his
318 3886 428 3952 verbis
450 3889 591 3973 populo:
626 3887 802 3973 anCorpus
827 3896 860 3952 et
882 3891 1018 3974 sangnis
1039 3887 1171 3952 Domini
1194 3885 1298 3949 nostri

156 3999 241 4065 Jesu
263 3997 438 4064 Christian.
472 3999 625 4064 Debebat
649 4003 733 4064 enim
754 4002 864 4084 potins
886 4008 1067 4064 sumentem
1089 4000 1136 4061 ita
1158 3997 1297 4080 alloqui:
1379 4001 1383 4008 '

160 4109 287 4190 „Sola
310 4108 462 4174 divinitas
480 4111 617 4175 ‘Domini
646 4110 750 4176 nostri
771 4110 856 4176 Jesu
878 4110 1043 4175 Christi““
1062 4109 1097 4194 ³).
1142 4107 1299 4174 Similiter

983 4327 1296 4336 --.--———--—-—-

228 4487 250 4554 ¹)
270 4489 320 4540 eol.
341 4487 390 4539 208
410 4493 438 4539 et
456 4489 514 4540 209.
729 4487 752 4554 ²)
771 4490 805 4539 of.
825 4503 909 4553 supra
925 4503 952 4554 p.
972 4489 1013 4540 20.
1033 4494 1089 4539 not.
1108 4489 1132 4540 2.

227 4583 250 4652 ²)
269 4580 299 4636 Ei
318 4581 366 4658 γὰρ
393 4579 455 4658 μόνη
474 4579 565 4658 linitur
589 4578 653 4636 ἐστὶν
672 4577 685 4634 t
704 4579 823 4658 Χριστὸς,
848 4580 864 4658 ἡ
891 4581 917 4634 δὲ
935 4579 1026 4659 heti-qe
1043 4579 1150 4657 altipert:
1169 4580 1234 4650 ἐστι,
1257 4578 1299 4636 καὶ

1092 4681 1123 4731 11
