3225 5217
304 504 348 571 38

303 674 409 741 simile
429 678 559 743 censeri
578 682 701 761 potest.
736 674 891 742 Secundo
911 677 1165 763 respondemus:
1185 676 1224 743 si
1244 678 1443 763 exmpimu,

304 786 394 871 qnod
423 787 519 853 nobis
550 786 594 853 da
615 785 749 853 Christo
776 788 937 874 objcih‘s,
967 788 1060 853 aliud
1087 790 1246 872 mitidum
1272 798 1380 870 amet,
1409 798 1444 853 et

302 897 394 963 aliud
415 897 506 982 quod
527 900 561 962 in
583 898 729 965 adventu
749 899 794 963 ad
814 921 877 964 nos
898 918 960 965 sno
982 899 1136 965 curans
1156 903 1352 985 assumpsit,
1379 922 1444 985 po-

302 1012 450 1075 inissetis
465 1010 610 1075 formasa
618 1010 744 1093 aliquid
755 1010 810 1075 hic
820 1010 936 1090 affere,
957 1010 1084 1094 quoda
1094 1015 1222 1077 ratione
1229 1033 1296 1076 non
1309 1032 1444 1095 prorsus

302 1121 445 1187 alienum
475 1122 574 1187 soret.
624 1120 672 1186 Aa
704 1142 785 1186 vero
818 1143 892 1186 cnm
923 1122 1078 1187 Christus
1108 1127 1217 1208 ipsum
1247 1122 1444 1207 exemplum,

303 1252 423 1319 nempe
449 1232 622 1297 humanam
649 1242 818 1315 naturam,
850 1234 916 1299 hoc
943 1242 996 1299 est
1015 1234 1100 1299 duas
1127 1243 1260 1299 nostras
1286 1234 1444 1319 partiales

301 1352 453 1427 naturas,
473 1352 512 1409 ut
533 1342 661 1427 dicitis,
683 1344 748 1409 sibi
768 1344 980 1430 hypostatice
1000 1349 1154 1427 univerit,
1175 1347 1226 1426 fit,
1249 1354 1287 1410 nt
1306 1344 1391 1409 duas
1410 1348 1445 1407 in

303 1454 437 1522 Christo
464 1464 600 1521 naturas
628 1458 799 1538 statuatis,
833 1479 932 1522 unam
962 1457 1096 1541 quidem
1128 1458 1312 1542 perfectam
1343 1456 1445 1519 divini

303 1566 423 1649 Verbi,
455 1567 537 1633 alias
559 1588 640 1633 vero
664 1566 868 1650 dimidiatas,
901 1572 1030 1633 animae
1062 1572 1212 1633 nimirum
1243 1576 1379 1634 nostrae
1411 1576 1446 1631 et

303 1681 461 1765 corporis.
495 1678 580 1743 Aliis
603 1682 702 1744 etiam
723 1680 831 1745 modia
853 1680 990 1745 difficile
1006 1702 1073 1745 non
1084 1682 1185 1746 fuerit
1195 1680 1443 1766 deprehendere

303 1788 596 1857 dissimilitudinem
628 1791 774 1877 exempli
803 1812 848 1856 ex
879 1792 1020 1857 hominia
1042 1795 1279 1878 compositione
1300 1790 1443 1855 adducti

301 1900 388 1967 Nam
409 1901 507 1967 homo
531 1911 661 1968 constat
683 1923 727 1967 ex
749 1902 879 1969 duabus
899 1905 1001 1970 rebus
1021 1908 1160 1984 creatis,
1182 1924 1228 1967 cx
1249 1904 1367 1983 anima,
1388 1904 1441 1963 ia·

302 2032 401 2097 quam
425 1994 631 2098 et'oorpore,
652 2022 688 2079 at
698 2013 851 2079 Christus
873 2036 919 2079 ex
937 2017 1083 2080 increata
1094 2015 1267 2078 divinitate
1282 2022 1318 2092 ct
1329 2020 1442 2077 creata

302 2124 512 2190 humanitate.
527 2170 536 2189 .
550 2170 579 2189 ..
611 2124 657 2191 Et
678 2126 744 2191 alia
766 2128 936 2191 innumera
955 2126 990 2191 id
1017 2148 1123 2212 genus
1150 2128 1298 2210 reperies
1325 2127 1362 2187 in
1388 2122 1443 2185 di-

301 2238 456 2321 vinitate,
491 2258 577 2321 quae
604 2258 714 2322 neque
743 2240 871 2303 animae
899 2258 1010 2321 neque
1035 2239 1166 2323 corpori
1187 2244 1383 2321 competant

302 2346 420 2433 Itaqua
433 2348 620 2433 exemplum
630 2350 768 2415 hominis
775 2350 819 2415 de
828 2349 961 2415 Christo
969 2352 1076 2433 accipi
1082 2348 1237 2429 debet,ut
1246 2348 1443 2431 exemplum,

301 2480 366 2527 nou
389 2468 428 2524 ut
448 2459 659 2544 aequalitatis
681 2467 925 2547 argumentem‘
947 2461 979 2544 Ι).

388 2568 484 2635 Hace
511 2573 624 2655 itaque
646 2572 844 2637 Anastasius
871 2580 985 2637 noster
1006 2572 1049 2637 de
1071 2571 1227 2657 exemplo
1251 2592 1297 2636 ex
1316 2571 1443 2635 cousti-

301 2683 430 2749 tutiona
458 2663 596 2749 hominis
624 2686 738 2769 petito.
782 2682 874 2748 Inter
900 2684 967 2749 alia
993 2705 1075 2749 vero
1102 2690 1296 2770 argumenta
1322 2681 1443 2765 quibas

302 2800 417 2859 auctor
436 2792 621 2861 haereticos
643 2796 817 2877 convincit,
841 2798 970 2881 insigne
991 2804 1044 2861 est
1064 2797 1287 2861 testimonium
1303 2794 1347 2858 de
1363 2812 1444 2879 vera

303 2912 337 2973 at
355 2904 438 2971 reali
449 2909 638 2993 pmeaantia
650 2910 796 2993 corporis
809 2907 941 2972 Domini
950 2911 1203 2973 insanctissimo
1213 2906 1442 2971 Eucharistmc

302 3014 514 3085 Sacramenta
525 3016 560 3103 2).
605 3020 702 3099 Quod
725 3019 778 3084 hic
800 3024 1047 3105 praetermitto,
1080 3042 1153 3084 cnm
1175 3019 1218 3083 de
1242 3038 1282 3083 eo
1310 3018 1443 3102 proprie

301 3130 346 3195 ait
366 3128 555 3212 dicendum,
587 3150 686 3215 quum
709 3131 790 3215 quid
811 3131 1007 3197 Anastasius
1028 3138 1141 3197 noster
1163 3131 1207 3196 de
1228 3130 1441 3197 Sacramenta

302 3238 530 3308 Eucharistiae
543 3245 692 3325 sanserit,
714 3242 884 3309 disseram.
912 3243 1009 3307 Nunc
1020 3264 1101 3307 vero
1112 3250 1290 3328 postquam
1301 3240 1442 3304 vidimus

302 3372 376 3419 aum
398 3352 582 3419 haereticos
607 3357 740 3441 egregie
763 3354 1028 3436 confundentem,
1050 3353 1181 3438 qualem
1195 3355 1268 3437 ipae
1284 3351 1327 3415 da
1343 3372 1442 3415 sanc

301 3465 427 3530 tissima
450 3462 687 3531 Incarnationis
708 3466 866 3550 mysterio
888 3465 988 3531 fidem
1011 3465 1171 3547 habuerit,
1193 3466 1290 3547 qnasi
1298 3460 1441 3546 quodam

302 3574 496 3661 compendio
520 3584 742 3661 exponentem
763 3575 945 3642 audiamus.
989 3576 1048 3641 Ait
1068 3573 1226 3663 igimr³):
1347 3618 1350 3624 ,
1414 3596 1427 3609 ·

392 3684 580 3764 „Confiteor
593 3686 716 3756 Christi
738 3689 981 3774 integerrimam
1003 3672 1236 3752 humanitatem
1257 3688 1386 3754 animae
1406 3691 1442 3750 et

302 3799 448 3883 corporis
483 3800 530 3865 ita
563 3798 743 3865 secundum
780 3800 976 3884 hypostasin
1013 3799 1241 3864 immaculatae
1278 3798 1442 3861 divinitati

305 3910 374 3995 ejus
396 3910 518 3975 unitam
543 3931 630 3992 asse,
654 3912 739 3975 sicut
759 3918 832 3974 tota
852 3914 966 3977 anima
980 3913 1042 3975 toti
1064 3918 1176 3974 nostro
1200 3911 1329 3993 corpori
1344 3910 1442 3973 ¹uuita

302 4028 361 4087 ast
405 4020 450 4087 Et
473 4020 745 4105 quamadmodum
768 4022 835 4104 illo,
857 4025 915 4104 qui
936 4030 973 4085 ut
994 4023 1101 4107 figura
1122 4020 1260 4086 Christi·
1274 4023 1308 4083 iu
1329 4022 1440 4105 specie
1477 4090 1482 4094 ,

372 4398 393 4465 Ι)
413 4399 472 4451 end.
493 4414 552 4465 cap.
574 4402 613 4452 18.
632 4401 683 4451 col.
703 4401 753 4453 206
772 4405 800 4451 at
817 4401 876 4452 act.
1086 4402 1109 4468 ²)
1127 4416 1188 4467 cap.
1208 4404 1249 4453 28.

371 4492 393 4560 ³)
412 4508 471 4561 cap.
492 4494 532 4545 21.
551 4495 602 4545 col.
622 4496 679 4547 282.
710 4484 719 4505 ⁸
