3225 5217
1278 493 1319 558 59

180 676 248 749 sst,
270 645 435 753 quam'sx
456 669 585 732 incerto
606 673 800 733 accentuum
819 633 898 732 usus
916 667 1041 752 origine
1058 665 1175 730 librum
1194 672 1319 730 certum

180 788 340 845 evertere.

268 891 392 971 Quinto
415 891 566 958 Oudinus
587 912 631 955 ex
654 891 706 954 his
727 889 808 954 solis
830 889 957 972 verbis,
980 890 1037 954 ubi
1058 889 1225 976 legitimus
1248 887 1319 952 dis-

180 1005 359 1087 putationis
381 1003 586 1068 conditioues
608 1005 733 1088 exigit,
760 1011 929 1068 auctorem
957 1023 1037 1066 sans
1059 1002 1318 1066 recentissimum

179 1133 253 1178 csse
277 1115 417 1199 conjicit
461 1113 694 1199 „Exploratos
721 1115 844 1179 habeat
871 1113 1219 1200 chronographos...
1243 1132 1318 1178 sese

178 1227 355 1290 acturum“
378 1224 463 1310 (vid.
496 1247 596 1309 supru
623 1245 699 1311 pag.
721 1227 764 1290 23
793 1247 880 1288 num.
903 1225 943 1306 8,
972 1226 1050 1290 set
1074 1225 1144 1305 10).
1191 1222 1319 1303 Quibus

178 1339 288 1400 citatis
298 1335 448 1402 Oudinus
462 1336 747 1422 sicprugrcditurz
770 1335 926 1422 ‚Expers
949 1338 1079 1400 omniuo
1101 1356 1209 1400 rerum
1230 1337 1318 1400 unti-

179 1467 318 1533 qucrum
339 1457 441 1531 utque
458 1448 573 1532 judicii
593 1469 718 1514 vacuus
743 1451 865 1527 existo,
887 1450 915 1512 si
937 1455 1050 1512 turrim
1069 1449 1317 1533 praecautiones
1387 1523 1391 1534 ι

178 1580 262 1643 quas
290 1562 324 1623 in
355 1559 632 1644 disputationibus
658 1559 829 1644 polemicis
856 1567 972 1624 auctor
1000 1561 1120 1643 exigit,
1154 1557 1318 1623 excedunt

177 1675 331 1734 trutinam
354 1680 388 1735 et
410 1671 567 1751 cautelas,
589 1693 609 1734 u
625 1673 816 1736 recentioris
832 1670 897 1734 lori
914 1670 1044 1755 legibus
1056 1678 1090 1733 et
1101 1667 1318 1732 scholasticae

177 1782 337 1847 balbutiei
354 1781 556 1867 temporibus
571 1783 810 1867 excogitatas“.
844 1781 986 1864 ,dirrare
1001 1783 1113 1870 itaque
1131 1786 1201 1844 toto
1213 1777 1317 1859 coslo,

178 1898 235 1978 qui
256 1896 451 1978 scriptorem
473 1893 560 1956 hunc
581 1899 658 1957 unte
680 1893 848 1958 saeculum
871 1893 1075 1958 undecimum
1096 1891 1317 1960 admissurum

177 2005 283 2070 Addit
304 2003 514 2086 „methodum
536 1990 634 2089 liujus
648 2005 798 2088 opusculi
821 2025 894 2069 esse
917 2003 1065 2090 ejusdem
1085 2005 1260 2090 ferruginis
1284 2013 1318 2068 et

177 2117 378 2180 confusionis
407 2137 480 2179 cum
513 2116 672 2200 opusculo
695 2115 933 2194 Quaestionum
967 2115 1028 2180 154
1058 2119 1092 2180 in
1114 2113 1317 2199 Scriptorum

177 2247 341 2311 ssorum„
371 2246 457 2310 quus
501 2237 592 2292 certo
633 2249 676 2292 cx
720 2228 843 2294 Oudini
887 2229 1049 2292 sententis
1093 2225 1136 2290 sd
1178 2224 1316 2292 cundem

176 2337 387 2402 Anastasius
397 2337 556 2404 Sinuitsm
579 2347 614 2404 st
625 2343 813 2424 episcopum
828 2338 1070 2404 Antiochenum
1093 2339 1266 2422 spectent“
1282 2337 1315 2416 ¹).

176 2451 229 2515 De
266 2452 329 2515 hoc
361 2449 483 2516 Oudiui
520 2460 714 2536 argumento
742 2451 830 2514 idem
863 2450 1036 2514 dicendum
1066 2450 1146 2514 milri
1173 2447 1314 2529 videtur,

176 2584 216 2627 uc
239 2561 282 2626 dc
302 2563 468 2647 prioribus
489 2564 594 2646 primo
615 2569 651 2626 et
672 2569 807 2645 quartur
836 2563 929 2645 qussi
950 2582 1052 2647 penes
1075 2561 1240 2627 Oudinum
1262 2563 1314 2642 sit,

176 2672 330 2757 quidnam
362 2676 508 2758 priorum
541 2682 725 2758 temporum
757 2675 910 2758 scriptori
940 2675 1089 2756 licuerit,
1127 2671 1208 2756 quid
1240 2694 1314 2738 nun.

174 2784 263 2864 Quid
285 2805 370 2849 vcro
387 2784 431 2848 dc
452 2784 792 2866 Quaestionibuslbl‚
815 2805 900 2868 quse
921 2785 984 2850 sub
1005 2787 1135 2875 nomine
1147 2784 1315 2850 Anastasii
1400 2873 1402 2877 ι

175 2904 324 2977 exstent,
354 2895 560 2960 sentiendum
583 2899 641 2978 sit,
671 2904 789 2981 posteo
811 2896 1004 2962 videbimus.
1050 2895 1149 2962 Certe
1178 2897 1221 2962 ud
1243 2918 1313 2962 rem

175 3007 296 3073 Oudini
317 3007 398 3070 nibil
418 3002 553 3070 fuciunt
1001 3071 1002 3076 ,

259 3117 400 3184 Sextum
423 3127 458 3182 et
478 3122 652 3203 septimum
674 3129 901 3205 argumentum
924 3121 1072 3186 Oudinus
1100 3123 1240 3218 instituit
1269 3141 1312 3186 cx

175 3249 232 3312 eo,
255 3229 345 3312 quod
367 3228 556 3315 „professio
575 3229 692 3312 fideii,
715 3251 800 3314 quae
822 3232 962 3297 habetur
982 3236 1016 3296 in
1038 3253 1109 3319 cup.
1132 3233 1189 3314 lm
1205 3253 1312 3317 seque

173 3359 214 3404 cc
228 3341 486 3421 „Definitionest‘
503 3341 589 3424 (cup.
601 3340 669 3424 11.),
691 3344 726 3405 in
737 3342 906 3408 nonnullis
925 3343 1093 3410 codicibus
1105 3347 1312 3430 reperiuntur

173 3452 234 3516 sub
256 3455 387 3516 nomine
397 3450 432 3517 S.
444 3451 583 3516 Jounnis
594 3452 801 3537 Damusceni,
824 3474 921 3538 quem
934 3458 1022 3520 cusu
1036 3479 1065 3520 a.
1082 3457 1145 3521 750
1160 3456 1312 3519 floruisse

173 3571 310 3626 constat.
355 3561 463 3644 „Hinc
484 3571 599 3647 aperte
621 3567 730 3648 ecqui,
753 3563 929 3650 Hodcgani
951 3585 1016 3632 nun
1037 3587 1137 3652 posse
1160 3574 1311 3652 spectare
1417 3574 1423 3582 “

172 3671 216 3738 ad
236 3681 306 3738 trcs
328 3675 457 3757 priores
467 3673 662 3739 Anastasius
674 3674 817 3745 Sinuitus
835 3677 1106 3742 etAntiochsnos
1125 3679 1310 3763 episcopos,

172 3787 229 3867 qui
265 3805 378 3848 omnes
410 3783 523 3848 multis
555 3770 713 3850 annorum
746 3787 926 3853 decadibus
961 3797 1071 3854 aetate
1105 3789 1138 3854 S.
1172 3788 1310 3854 Joannis

172 3897 370 3960 Damusceni
405 3898 596 3978 antiquores
628 3899 709 3979 sint,
748 3919 810 3962 neo
843 3899 927 3964 huno
959 3899 1036 3964 fidei
1070 3900 1309 3971 confessionem

172 4006 338 4090 opusculis
359 4009 428 4071 suis
450 4009 596 4073 inserere
619 4012 794 4093 potuerint.
840 4010 999 4096 Specturc
1020 4013 1120 4097 igitur
1141 4010 1185 4075 ad
1196 4011 1309 4076 Anas-

170 4118 289 4180 tasium
312 4117 533 4204 quartum‘⁴²).
568 4122 671 4200 Quasi
689 4143 769 4187 vero
792 4132 931 4206 constet,
954 4125 1037 4188 haec
1060 4121 1125 4185 duo
1149 4120 1307 4205 opuscula

171 4332 402 4342 ——-.....-.

241 4476 263 4542 ¹)
281 4473 380 4529 cuum.
398 4484 463 4530 tom.
481 4481 516 4531 11.
535 4483 587 4532 001.
606 4483 664 4534 tou
812 4463 817 4470 '
882 4483 905 4551 ²)
924 4483 1022 4538 Ouum.
1041 4488 1105 4536 scm.
1123 4485 1158 4535 11.
1175 4484 1229 4536 sol.
1249 4484 1307 4536 561.
