3225 5217
1237 519 1249 526 ⁴
1307 521 1364 584 101

96 693 105 712 ’
226 688 364 759 tentiain
386 692 508 776 tulerit,
529 692 787 758 misericordiam
810 715 830 757 a
852 693 926 758 Deo
949 696 1165 758 inventurum.
1200 693 1265 774 Qui
1287 715 1367 758 vero

227 817 405 892 oggerentz
438 805 520 872 Ideo
542 807 635 872 dedit
663 807 741 870 mihi
762 807 857 872 Deus
889 807 1039 889 divitias,
1073 814 1108 871 ut
1137 806 1303 872 comedam
1335 814 1369 871 et

226 919 336 983 bibam
358 927 394 983 et
404 919 628 1004 voluptatibus
650 919 751 999 fruar,
775 928 809 983 et
832 921 859 984 si
876 919 1046 1001 voluisset,
1068 921 1232 1005 potuisset
1253 921 1367 1002 utique

227 1034 325 1096 etiam
348 1031 499 1096 mendico
521 1032 655 1113 edendi,
686 1031 820 1097 bibendi
843 1041 877 1096 et
900 1031 1024 1096 deliciis
1047 1031 1178 1096 fruendi
1200 1033 1369 1096 materiam

227 1143 492 1225 subministrare,
515 1142 563 1207 illi
581 1144 715 1229 januum
738 1144 822 1208 coeli
846 1144 1056 1229 sibimetipsis
1079 1143 1295 1208 occluserunt.

597 1451 816 1536 anausim
841 1452 1001 1520 cxxxv.

313 1594 401 1674 Quid
424 1602 477 1659 est
498 1614 579 1658 vera
592 1592 793 1658 humilitas?
820 1601 854 1658 et
876 1591 1041 1676 quomodo
1072 1593 1178 1676 illam,
1208 1593 1282 1660 Deo
1306 1593 1368 1658 ad-

223 1707 379 1792 juvante,
401 1723 561 1770 exercere
583 1704 756 1769 valemus?

709 1913 890 1996 Responsio.
1212 1889 1223 1922 ⁸

312 2047 388 2112 Non
412 2048 561 2112 consistit
583 2046 748 2110 humilitas
770 2046 803 2107 in
827 2045 891 2109 hoc
912 2042 1002 2128 quod
1026 2045 1099 2128 quis
1126 2051 1244 2129 peccet
1265 2063 1368 2126 seque

227 2169 435 2245 peccatorem
458 2169 493 2224 et
515 2159 677 2245 supplicio
701 2158 835 2244 dignum
858 2164 1033 2242 agnoscat3
1056 2157 1140 2221 hanc
1163 2158 1247 2220 enim
1266 2155 1309 2220 de
1331 2177 1368 2220 se

227 2275 503 2337 existimationem
516 2271 654 2356 quilibet
664 2280 821 2355 peccator
833 2270 943 2351 habet,
960 2271 1073 2334 forsan
1085 2277 1118 2332 et
1127 2268 1315 2332 daemones.
1326 2320 1332 2333 .
1343 2314 1367 2330 ..

226 2383 331 2469 Igitur
354 2404 432 2448 vera
455 2383 620 2447 humilitas
644 2391 695 2447 est
718 2371 818 2448 bonis
841 2383 995 2467 operibus
1024 2383 1192 2461 insistere,
1227 2401 1264 2444 se
1287 2401 1367 2444 vero

225 2495 424 2559 immundum
440 2497 571 2579 Deique
593 2497 709 2584 favore
731 2495 899 2580 indignum
920 2502 1075 2579 reputare
1098 2513 1205 2576 neque
1228 2491 1368 2558 salutem

224 2610 288 2673 nisi
311 2629 361 2673 -ex
377 2597 456 2673 ,Dei
488 2608 690 2694 benignitate
724 2608 787 2672 sibi
815 2607 973 2693 polliceri.
1025 2608 1248 2688 Quaecunque
1283 2607 1368 2670 enim

224 2721 311 2785 bona
334 2741 435 2806 opera
457 2724 601 2806 agimus,
635 2741 700 2784 non
734 2719 944 2805 rependimus
966 2721 1040 2785 Deo
1063 2720 1168 2782 vicem
1202 2739 1263 2802 pro
1296 2716 1367 2782 solo

223 2853 311 2913 aere,
334 2853 433 2915 quem
454 2834 663 2916 respiramus.
696 2831 781 2896 Nam
803 2832 882 2896 licet
903 2834 1057 2896 universa
1080 2852 1165 2916 quae
1188 2839 1367 2917 suppetunt

224 2945 401 3010 offeramus
423 2945 513 3025 Deo,
536 2944 658 3008 nullam
679 2944 774 3008 nobis
796 2944 982 3009 mercedem
1006 2945 1122 3026 debet,
1154 2946 1258 3029 ipsius
1281 2946 1367 3007 enim

223 3061 332 3122 omnia
362 3064 460 3139 sunt3
502 3055 612 3120 nullus
645 3058 868 3140 autem'qui,
898 3075 983 3139 quae
1018 3077 1077 3120 sua
1113 3065 1204 3138 sunt,
1236 3059 1366 3140 accipit,

224 3169 375 3232 offerent-i
398 3167 528 3232 debitor
551 3168 702 3234 eflicitur.
747 3169 799 3233 De
821 3176 950 3249 cetero,
974 3171 1030 3252 qui
1052 3169 1270 3234 retribuamus
1293 3170 1367 3233 Do-

225 3282 313 3344 mino
335 3299 396 3364 pro
418 3283 492 3366 ipso
515 3289 589 3346 ortu
611 3280 750 3345 nostro?
778 3302 840 3366 pro
862 3280 956 3346 bonis
980 3281 1098 3365 quibus
1119 3301 1180 3346 nos
1203 3279 1367 3344 cumulare

223 3391 378 3478 dignatus
407 3392 483 3456 est?
516 3414 577 3478 pro
608 3393 734 3472 liberis,
767 3414 828 3478 pro
857 3393 995 3476 divitiis,
1029 3413 1090 3478 pro
1119 3394 1288 3478 perieulis,
1323 3413 1367 3457 ex

224 3503 344 3588 quibus
366 3507 499 3589 saepius
522 3526 582 3569 nos
603 3505 779 3570 liberavit?
800 3525 861 3590 pro
879 3509 1047 3591 sanguine,
1070 3525 1167 3588 quem
1189 3525 1250 3590 pro
1272 3504 1367 3570 nobis

224 3614 364 3680 effudit?
403 3614 449 3679 Et
470 3624 548 3702 post
570 3617 653 3682 haec
674 3637 735 3702 pro
756 3619 904 3703 peccatis
926 3619 1058 3698 nostris,
1082 3637 1166 3700 quae
1190 3615 1368 3709 clementer

223 3726 437 3809 condonavit,
473 3736 507 3792 et
535 3712 598 3814 pro
619 3750 723 3814 regno
746 3729 928 3808 coelorum,
962 3728 1052 3812 quod
1075 3729 1169 3793 nobis
1194 3727 1367 3814 promisit?

223 3836 305 3902 Cum
336 3841 437 3924 igitur
458 3848 509 3904 tot
539 3849 573 3905 et
600 3849 692 3905 tant-a
714 3840 911 3922 debeamus,
945 3861 1052 3925 neque
1083 3840 1260 3925 quidquam
1287 3863 1367 3926 per-

222 3950 406 4033 solvamus,
441 3961 564 4035 quanta
585 3955 618 4017 iu
646 3952 828 4019 bumilitate
857 3952 1033 4037 cordisque
1063 3955 1257 4018 contritione
1286 3975 1367 4040 per·
1438 3937 1443 3946 ¹

221 4066 323 4148 petim
353 4067 480 4129 versari
513 4065 687 4148 debemus,
720 4067 767 4130 ita
800 4074 837 4130 ut
867 4068 998 4131 memini
1026 4087 1087 4131 nos
1117 4074 1365 4152 anteponamus,
1416 4147 1420 4154 υ

221 4179 383 4240 neminem
407 4175 677 4260 condemnemus,
699 4179 861 4241 neminem
885 4177 1147 4256 caluminiemur,
1177 4180 1365 4258 memoriam

221 4287 333 4352 illatae
366 4289 505 4373 injuriae
540 4288 761 4374 deponamus,
795 4310 906 4356 omnes
939 4289 1112 4376 diligamus
1147 4297 1181 4355 et
1216 4291 1365 4384 omnibus

222 4403 466 4484 compatiamur.
511 4399 746 4466 Desideremus
768 4402 944 4466 Dominum
967 4423 1006 4467 eo
1033 4403 1243 4486 affectuque
1272 4401 1366 4466 multi

220 4514 342 4580 amicas
368 4510 568 4578 desiderant.
613 4510 690 4577 Nou
712 4533 787 4578 raro
812 4516 896 4578 enim
919 4512 1056 4596 accidit,
1080 4521 1116 4578 ut
1148 4517 1204 4599 qui
1226 4514 1365 4600 alicujus
