3225 5217
299 530 342 596 m

205 682 209 690 ’
299 726 375 771 caro
397 704 492 770 lieret
512 702 674 770 Verbum:
701 701 905 770 voluntatem
928 709 1055 769 unicam
1078 702 1211 769 deitatis
1233 724 1325 787 esse,
1352 706 1438 774 sieut

299 826 333 883 et
355 816 569 884 substantiam
592 822 719 883 unicam
740 818 859 900 Verbi,
890 840 997 903 neque
1019 818 1103 883 duas
1132 838 1207 883 esse
1230 817 1356 883 Christi
1374 839 1437 881 na-

297 940 405 1013 turas,
426 928 562 995 alteram
586 951 742 1015 capacem
764 930 982 1012 adorationis,
1010 931 1146 995 alteram
1168 934 1374 1015 incapacem,
1403 938 1437 994 et

296 1042 330 1107 id
353 1064 458 1129 genus
479 1042 544 1107 alia
566 1042 669 1127 probe
687 1042 819 1126 quidem
840 1041 1003 1106 interdum
1024 1065 1046 1106 a
1058 1042 1215 1107 Patribus
1234 1050 1372 1122 asserta,
1393 1041 1436 1106 ab

297 1156 369 1219 istis
391 1162 500 1218 autom
523 1174 697 1238 perperam
720 1152 903 1235 intellecta:
933 1156 1075 1237 siquis,
1105 1157 1255 1237 inquam,
1276 1154 1360 1217 haec
1380 1151 1436 1216 vel

297 1266 348 1330 his
370 1265 488 1330 similia
508 1265 692 1350 protulerit,
714 1268 826 1329 veniat
847 1266 908 1329 tibl
925 1269 958 1329 in
976 1274 1119 1329 mentem
1140 1265 1222 1328 illud
1232 1264 1435 1331 Salomonis:

299 1375 499 1461 „Responde
527 1377 628 1441 stulto
651 1376 829 1441 secundum
851 1377 1022 1441 stultitiam
1044 1379 1163 1442 suam“
1182 1376 1221 1460 ¹),
1252 1376 1435 1459 diciteque:

298 1487 516 1571 „inconfusae
528 1496 715 1553 manserunt
728 1491 825 1553 etiam
836 1496 914 1573 post
924 1491 1076 1553 unionem
1086 1487 1209 1554 Christi
1219 1488 1434 1573 hypostases:

298 1608 331 1665 et
353 1603 382 1665 si
404 1602 477 1683 quis
498 1609 576 1691 post
595 1602 744 1665 unionem
761 1599 880 1664 dividit
900 1601 1116 1685 hypostases,
1137 1600 1312 1663 anathema
1329 1599 1434 1679 esto“,

298 1710 570 1795 quemadmodum
593 1710 724 1775 divinus
747 1710 901 1795 Cyrillns.
913 1714 968 1776 ait.
1012 1711 1098 1776 Nam
1119 1710 1258 1797 „legalis
1279 1710 1336 1773 illa
1356 1730 1434 1773 area

296 1833 396 1908 typus
426 1823 558 1907 quidam
588 1830 638 1888 cst
667 1822 804 1887 duarum
833 1826 867 1887 in
890 1822 1021 1888 Christo
1053 1821 1302 1908 hypostaseon?
1345 1820 1434 1900 Quid

295 1956 374 2002 vero
409 1945 485 2001 sunt
517 1934 741 2021 hypostases?
786 1933 920 2000 Clarum
950 1934 1046 2019 quod‘
1068 1955 1248 2020 personae,
1280 1941 1318 1996 ut
1345 1931 1433 1996 idem

295 2056 427 2114 sanetus
450 2046 593 2133 (lyrillus
617 2055 651 2112 et
673 2050 844 2112 universus
865 2048 1003 2111 Petrum
1025 2047 1144 2111 chorus
1166 2045 1272 2111 docet.
1316 2043 1388 2125 Sic,
1411 2064 1432 2107 o

213 2232 219 2241 Ι
294 2159 419 2240 fidelis,
448 2160 646 2225 adversariis
669 2180 728 2244 per
751 2158 894 2223 adversa
915 2180 973 2223 seu
996 2160 1159 2223 contraria
1189 2178 1333 2223 occurre.
1377 2154 1432 2220 Sic

296 2292 353 2337 eos
367 2292 531 2357 expugna.
564 2270 626 2335 His
639 2269 896 2335 absurditatibus
910 2271 1131 2336 execrandum
1143 2269 1302 2335 Severum
1314 2275 1431 2331 macta.

294 2382 357 2447 His
379 2391 515 2469 percute
539 2380 759 2446 Theodosium
785 2391 818 2446 et
840 2379 1002 2467 Gajanum
1025 2391 1058 2446 et
1079 2382 1246 2447 Julianum
1269 2388 1302 2443 et
1328 2386 1432 2441 totam

295 2494 381 2561 illam
411 2496 617 2559 decit-ornem
650 2492 837 2577 turbam2),
871 2515 957 2577 quae
991 2516 1087 2558 unam
1120 2495 1153 2555 in
1187 2494 1249 2555 isto
1283 2499 1431 2552 naturam

294 2608 428 2673 statuit“
444 2606 479 2691 ³).
511 2606 593 2673 Item
616 2608 650 2668 in
673 2606 736 2671 fine
751 2605 941 2691 oap.XIII.,
964 2615 1140 2690 postquam
1162 2611 1276 2671 auctor
1289 2598 1432 2664 ostendit

295 2722 399 2787 fusius
429 2741 471 2785 ex
503 2720 723 2783 sacratissima
745 2718 877 2781 Domini
907 2720 1010 2782 nostri
1038 2718 1192 2801 passione
1215 2714 1308 2799 (cap.
1330 2708 1431 2792 XII.)

294 2841 327 2899 et
349 2830 518 2917 sepultura
540 2828 744 2894 validissima
766 2837 880 2900 contra
908 2827 1093 2892 haereticos
1115 2813 1316 2911 argumenta*
1332 2842 1433 2906 repe-
1529 2912 1532 2917 ,

293 2943 392 3007 tenda
421 2962 512 3023 esse,
547 2943 594 3005 sic
623 2940 754 3005 fidelem
780 2941 944 3005 hominem
974 2939 1168 3022 alloquitur:
1206 2937 1324 3019 „Haec
1352 2934 1431 3012 mihi

292 3059 388 3119 imma
410 3062 529 3135 mente,
551 3051 669 3134 fidelis,
691 3051 845 3135 recondo,
869 3061 905 3117 ut
927 3052 986 3115 tibi
1008 3059 1159 3135 tempore
1173 3048 1253 3113 belli
1269 3047 1450 3110 adversus·

290 3167 489 3252 alienigenas
512 3168 586 3231 usui
609 3186 682 3231 esse
706 3171 844 3249 queant,
867 3182 1063 3245 crucemque
1085 3182 1124 3225 ac
1146 3159 1331 3244 sepulcrum
1354 3166 1430 3221 tan-

290 3300 386 3362 quam
407 3276 552 3362 gladium
573 3279 747 3362 ancipitem
770 3278 888 3359 arripe.
919 3272 965 3337 Et
980 3273 1111 3357 quando
1133 3272 1329 3357 multiplices
1352 3291 1429 3337 suos

290 3398 323 3455 et
358 3391 526 3455 intricatas
559 3391 765 3474 nugacitates
800 3385 841 3450 de
883 3384 1062 3449 divinitatis
1098 3384 1315 3469 passibilitate
1348 3407 1428 3469 pro-

289 3501 439 3582 tulerint,
475 3498 539 3563 duc
571 3482 646 3565 illos
679 3498 723 3563 ad
757 3518 887 3563 crucem
919 3498 1122 3581 propositam
1154 3505 1188 3560 et
1220 3496 1265 3560 ibi
1292 3496 1429 3561 trucida.

289 3610 428 3691 Quando
458 3620 566 3676 autem
595 3618 740 3675 nostram
768 3611 801 3671 in
832 3606 965 3672 Christo
993 3616 1143 3671 naturam
1176 3626 1299 3691 negare
1331 3613 1365 3670 et
1395 3608 1429 3670 in

288 3723 416 3787 inanem
429 3720 591 3806 quandam
608 3723 754 3787 umbram
769 3741 807 3785 ac
820 3720 1024 3806 phantasiam
1040 3726 1234 3783 convertere
1246 3720 1428 3803 coeperint,

288 3925 400 3933 ..ι-...ῃ
412 3926 448 3932 -.
463 3926 472 3931 ..
481 3925 530 3931 ..υ-..-
540 3922 747 3931 ...ωκ--κκ-ω-..ηηυ
795 3920 887 3927 ἡ..-
895 3922 906 3926 ..
916 3921 953 3926 ..-..
962 3922 1007 3926 ,..-.
1016 3920 1042 3927 ..-

356 4050 364 4081 ¹
396 4050 471 4101 Pror.
492 4051 524 4101 id
559 4050 582 4099 o.

352 4050 377 4211 ’ζ
394 4140 421 4197 τὸ
450 4086 612 4215 δικακέρατον
640 4144 721 4193 vocat
749 4144 860 4191 auctor:
897 4140 1061 4205 Eutychen,
1092 4140 1274 4204 Dioscorum,
1313 4136 1427 4188 Petrum

283 4238 435 4305 Fullonem,
455 4237 636 4301 Timotheum,
660 4234 852 4299 Theodosium,
873 4234 1021 4300 lulianum,
1039 4233 1184 4300 Gajanum,
1197 4232 1428 4300 Barssnuphium,

284 4335 432 4400 lecchum,
462 4330 645 4384 venerandum
668 4328 783 4393 denique
811 4329 895 4393 hujus
924 4329 1080 4380 orchestrae
1108 4328 1202 4379 decem
1227 4328 1355 4379 cornibus
1381 4329 1427 4377 in-

283 4434 405 4480 structae
424 4424 574 4477 exarchum
592 4422 724 4476 Severum
742 4423 806 4490 (col.
829 4426 877 4475 112
896 4422 925 4474 O.
947 4428 975 4475 et
994 4426 1044 4475 108
1060 4421 1114 4488 Β.).

351 4522 375 4579 'l
395 4520 446 4571 col.
467 4520 516 4570 llll
535 4515 614 4569 BOD.

365 4583 368 4591 ι
