3225 5217
289 524 332 588 30
407 561 415 572 .

288 687 373 762 κανᾶ
394 697 454 763 rori
475 695 702 784 Δημιδυργσῦ,
732 689 781 776 ὥς
800 717 887 786 φησι
914 689 1088 773 ὃἩσαΐας
1100 698 1123 783 ¹)
1154 697 1209 763 ael
1243 690 1429 786 ’latussim

289 805 325 872 ολ
345 809 541 896 προφῆται,
569 802 744 897 &meppiam
771 809 829 873 καλ
852 805 986 891 ἐξέπεσε
1009 805 1069 875 ota
1090 811 1138 893 aqi
1159 799 1300 898 ια’γματι
1323 805 1431 886 αὐτοῦ,

290 909 309 980 ὁ
337 909 618 1002 anticipaverit
646 909 817 1001 διάβολος,
850 920 906 986 καλ
935 919 969 987 ol
1000 919 1157 1004 δαίμονες
1185 921 1216 988 ol
1248 917 1307 988 σῠν
1330 915 1430 1006 αὐτῷ.

289 1023 693 1118 Δημισυρσῦντσςσδνισῦ
708 1027 866 1099 moesta
883 1021 1048 1120 ὁρώμενον
1066 1022 1198 1115 κόσμον,
1218 1033 1298 1121 λέγω
1320 1028 1360 1122 δὴ
1374 1027 1432 1098 τὸν

289 1135 1433 1232 σι’·ρανόνιιαλτὴνγῖννιαλιᾰέναι’σῇ,ἕν’ὀμιζινὸδιόβσλσς,αλςφησλιις
1471 1217 1477 1224 ,

288 1255 352 1320 asia
365 1246 585 1336 διδασκάλων,
605 1245 658 1320 ὅτι
669 1245 767 1322 αὐτὸν
785 1251 895 1336 μέλλει
912 1257 1077 1323 καθιστᾶν
1094 1245 1209 1330 oficiis
1219 1255 1364 1338 βαβιλέα
1375 1254 1428 1321 καὶ

290 1359 401 1452 κύριον
421 1367 480 1452 τῆς
501 1357 622 1451 ὁρατῆς
644 1364 791 1440 missor.
829 1359 900 1434 ‘the
922 1364 959 1432 δὲ
981 1359 1051 1434 eloe
1072 1359 1127 1433 τδν
1149 1360 1258 1449 Ἀδαμ
1280 1356 1431 1454 γεγονότα

290 1476 347 1543 καὶ
369 1475 621 1545 κατασταθέντα
642 1471 709 1544 rino
729 1479 789 1544 τοῦ
811 1477 897 1546 &aori
919 1471 1092 1558 δεσπόζειν
1120 1480 1185 1544 τῶν
1208 1475 1265 1544 ἐπὶ
1288 1482 1345 1565 τῆς
1365 1479 1430 1566 γῆς,

177 1640 182 1650 .
207 1639 211 1646 .
289 1588 509 1674 διαπονηθεὶς
531 1587 587 1654 καλ
599 1583 776 1676 φθονήσας
798 1591 845 1674 aqi
866 1581 1034 1676 α’νδριλπῳ
1058 1581 1076 1656 ὁ
1099 1583 1243 1679 πονηρὸς
1266 1579 1430 1677 ἠπάτησεν

289 1692 388 1766 αὐτόν
410 1693 468 1767 διδ
487 1702 546 1788 τῆς
570 1694 657 1779 Εὔας
678 1700 734 1766 καλ
756 1701 813 1768 τοῦ
834 1694 930 1782 ξύλου
951 1723 977 1767 κ.
1000 1727 1032 1767 τ.
1056 1702 1106 1765 λδ

375 1809 431 1876 Ex
453 1812 504 1876 bis
526 1812 692 1896 omnihus,
724 1833 809 1896 quac
838 1811 1009 1896 hueusque
1031 1813 1145 1896 attuli,
1176 1823 1266 1880 recte
1295 1813 1431 1880 conclu-

289 1922 432 1990 dendum
466 1922 614 2006 videtur,
649 1923 823 1989 nonnullas
860 1926 1071 2008 quaestiones
1105 1925 1283 1991 Anastasio
1319 1934 1431 1992 nostro

289 2035 435 2102 Sinaitae
453 2036 529 2120 jure
549 2033 700 2118 attribui,
729 2038 925 2120 praesertim
948 2057 1023 2118 eas,
1054 2055 1136 2120 quas
1165 2037 1316 2122 allegavi.
1360 2038 1427 2102 Ac·

289 2147 379 2212 cedit
396 2147 486 2230 quod
501 2146 654 2211 Fabricio
672 2145 796 2230 testcl)
817 2147 898 2230 „suh
910 2146 1055 2213 Sinaitae
1074 2149 1204 2213 nomine
1219 2150 1431 2231 quaestiones

290 2257 413 2323 diserte
435 2255 619 2322 laudandus
639 2277 660 2321 a
682 2257 838 2343 Philippo
860 2257 1018 2340 solitario,
1042 2255 1098 2342 qui
1120 2279 1148 2324 a.
1174 2259 1267 2324 1105.
1290 2261 1430 2344 scripsit,

289 2371 322 2432 iu
344 2366 475 2454 dioptra
497 2367 576 2434 fidei
592 2365 799 2434 Christianae
821 2368 865 2433 ad
880 2368 1072 2434 Callinicum
1094 2368 1288 2434 monachum
1304 2369 1359 2434 lib.
1375 2367 1432 2432 1v.

289 2500 322 2565 p.
340 2481 412 2543 150.
443 2478 668 2544 Producturns
685 2483 771 2544 enim
788 2479 946 2564 (Fabricii
965 2489 1042 2545 sunt
1059 2480 1177 2564 verba)
1194 2483 1431 2564 quaestionem,

290 2609 376 2674 quae
397 2593 430 2654 in
448 2590 538 2655 hisco
557 2592 750 2676 (impressis)
768 2599 819 2657 est
835 2611 970 2658 numero
987 2592 1044 2674 95,
1068 2638 1088 2674 ,,
1105 2639 1125 2674 ‚‚
1134 2590 1292 2674 Fidelem,
1315 2593 1432 2675 iuquit,

291 2711 326 2766 et
346 2701 420 2768 Deo
446 2702 594 2766 afflatum
628 2712 749 2768 testem
776 2703 864 2769 dabo
891 2706 1021 2768 nomino
1042 2703 1270 2784 Mastusium,
1300 2721 1427 2788 cogno-

287 2821 398 2878 mento
420 2812 596 2895 Sinnium,
626 2812 799 2880 docentem
831 2824 865 2880 et
894 2815 1091 2880 scribentem
1124 2813 1211 2880 clare
1241 2833 1342 2898 super
1371 2812 1432 2895 his,

288 2943 374 3008 qnae
394 2925 617 3010 interrogatus
637 2925 816 2990 soorat““.
861 2925 1020 3005 Quaestio
1046 2933 1156 2991 autam
1185 2927 1249 2988 ista
1278 2924 1329 2989 95.
1360 2925 1434 2990 aliis

289 3037 387 3100 etiam
408 3035 629 3121 compluribus
652 3035 824 3118 cohaeret,
844 3044 885 3100 ut
906 3057 1006 3121 supra
1028 3035 1099 3100 dixi
1108 3035 1144 3120 ⁴).
1447 3012 1459 3022 ,

374 3145 475 3213 Certe
503 3146 681 3212 Anastasio
715 3153 830 3212 nostro
864 3149 962 3212 etiam
996 3155 1126 3233 tompus
1157 3149 1328 3229 convenit,
1364 3164 1430 3230 quo

288 3262 499 3344 quaestiones
529 3258 874 3346 plerasque-scriptas
905 3277 979 3323 esse
1008 3257 1217 3343 judicandum
1241 3267 1301 3323 est.
1345 3255 1431 3321 Nam

288 3373 321 3435 in
343 3370 431 3435 nulla
454 3373 646 3454 quaestione
669 3372 842 3453 quisquam
861 3371 972 3455 junior
991 3371 1109 3434 citatur
1127 3369 1260 3435 saeculo
1279 3369 1431 3453 septimo,

289 3489 432 3567 excepto
454 3480 526 3546 solo
543 3479 733 3565 Nicephoro
753 3481 948 3546 Patriarcha
967 3479 1033 3546 ΟΡ.
1057 3490 1171 3546 contra
1186 3478 1431 3561 Iconomachos‚

289 3595 346 3676 qui
382 3593 433 3656 bis
463 3600 590 3657 tantum
625 3594 744 3656 citatur
772 3595 805 3665 iu
835 3599 972 3676 quaest·
992 3593 1020 3656 2.
1052 3601 1086 3656 et
1115 3593 1166 3655 57.
1215 3589 1301 3655 Nam
1333 3593 1431 3656 etiam

289 3701 573 3790 Olympiodorum,
596 3724 650 3787 qu.
671 3703 711 3768 16
730 3704 876 3785 citatum,
896 3701 1029 3770 saeorsso
1046 3710 1145 3768 sexto
1160 3703 1286 3767 vixisse
1297 3686 1398 3788 supra
1406 3701 1432 3786 l)

289 3814 428 3880 ostendi.
483 3812 583 3880 Solae
615 3815 715 3899 igitur
748 3816 958 3899 quaestiones
993 3815 1022 3878 2.
1057 3821 1091 3880 et
1123 3813 1174 3878 57.
1210 3833 1271 3898 per
1310 3834 1348 3880 se
1388 3813 1432 3880 ad

288 3927 504 4013 posteriorem
533 3933 700 3992 auctorem
728 3935 899 4012 spectant,
930 3925 1047 3990 saltem
1076 3923 1186 4010 quoad
1207 3923 1431 4010 Nicephorum

1120 4165 1431 4180 Ἥ*

359 4336 436 4393 ²11³.
456 4337 503 4402 14‘,
523 4337 556 4388 12
573 4351 648 4402 seqq.
874 4333 897 4401 ²)
916 4333 1015 4388 Erech.
1035 4349 1094 4402 cap.
1114 4338 1157 4392 28.

356 4431 380 4498 ‘)
398 4429 453 4482 uid.
471 4429 603 4482 Notitiam
622 4445 658 4482 ex
673 4429 800 4482 Fabricio
819 4431 847 4481 ln
864 4425 936 4480 Edit.
955 4429 1040 4496 Migo.
1060 4429 1111 4482 ool.
1135 4431 1167 4483 15
1185 4436 1214 4484 et
1232 4433 1275 4486 lo.

358 4525 381 4593 ⁸)
399 4540 462 4593 pag.
484 4523 524 4578 tt.
890 4524 912 4591 ⁸)
931 4521 996 4576 thid.
1019 4568 1020 4571 ,
