3225 5217
1276 494 1320 559 48

182 668 388 733 suetudinem
411 689 522 733 eorum
543 672 599 753 qui
620 670 699 733 nihil
721 670 809 733 aliud
833 678 910 733 sunt
924 689 1022 753 quam
1043 670 1208 749 hominse3
1230 666 1320 751 quod

181 800 290 863 nequa
318 784 351 843 in
384 790 501 850 natura
533 766 641 865 nequ'e
672 785 704 843 in
736 785 955 866 proprietate,
988 771 1088 866 prout
1114 781 1157 844 do
1185 780 1319 844 Christo
1349 826 1352 836 .

181 892 352 975 dicuntur,
374 894 481 958 locum
505 894 614 959 habet
656 893 783 957 Eodem
807 893 905 957 modo
927 898 986 977 qni
1006 894 1079 957 vult
1099 894 1196 957 aliam
1218 901 1318 974 atque

180 1004 278 1068 aliam
300 1006 502 1069 voluntatem
534 1013 568 1069 et
597 1008 820 1089 operationem
843 1005 1082 1089 divinitatiset
1109 1004 1319 1081 humanitatis
1356 1062 1358 1066 .

178 1114 213 1178 in
226 1115 358 1181 Christo
373 1115 585 1200 praedicare3
607 1119 635 1180 is
657 1138 731 1197 non,
754 1125 793 1179 ut
812 1118 884 1181 fors
905 1116 981 1197 tart,
1003 1136 1095 1180 more
1114 1114 1319 1199 quorundam

180 1229 424 1311 imperitorum,
453 1228 548 1293 illoto
571 1245 628 1292 ore
650 1230 869 1313 incogitanter
884 1237 925 1294 et
945 1228 1153 1313 impudenter
1175 1226 1320 1290 clamitet

178 1338 265 1402 duas
287 1347 421 1403 naturas
449 1347 483 1403 et
510 1340 698 1404 voluntates
725 1348 759 1403 et
788 1338 871 1404 duas
897 1340 1064 1404 naturales
1093 1340 1319 1425 operationes3

181 1470 256 1513 nam
284 1450 373 1535 apud
401 1451 616 1535 simpliciores
648 1450 842 1515 scandalum
875 1450 1032 1516 facillime
1060 1454 1205 1536 paritur,
1230 1467 1318 1513 -eum

181 1561 317 1625 audiunt
337 1562 405 1626 duo
433 1564 467 1625 in
485 1560 623 1627 Christo
651 1562 804 1646 physica,
834 1563 898 1626 hoc
926 1570 960 1625 et
989 1561 1087 1641 illud3
1109 1562 1181 1626 aad
1207 1561 1329 1643 divino,

179 1670 297 1737 timore
331 1676 485 1756 omnique
519 1677 706 1737 reverentia
739 1675 857 1759 plenus
890 1674 942 1737 his
971 1675 1030 1755 qui
1059 1692 1198 1757 capaces
1230 1681 1318 1753 sunt,

180 1786 371 1868 mysterium
394 1785 457 1849 hoo
478 1784 618 1869 pendat,
649 1794 854 1871 rogatusque
879 1784 1081 1869 respondeat
1106 1793 1141 1848 et
1162 1783 1318 1867 explicet,

180 1895 262 1978 quid
290 1898 420 1960 nomiae
450 1907 602 1980 naturae,
636 1906 670 1961 et
699 1896 864 1980 quomodo
894 1904 1032 1961 naturae
1057 1895 1254 1959 vocabulum
1285 1895 1319 1957 iu

178 2004 317 2071 Christo
336 2010 494 2093 accipiat3
526 2008 682 2073 uidelicet
711 2030 783 2093 pro
799 2011 875 2093 ipsa
902 2011 952 2072 rai
972 2009 1131 2087 veritate,
1162 2027 1233 2069 non
1257 2026 1317 2089 pro

180 2126 306 2200 natura,
330 2136 415 2201 qaae
430 2120 685 2204 staupponem
705 2130 763 2184 aut
784 2138 936 2204 persona,
959 2138 1068 2201 nequo
1088 2120 1150 2202 pro
1177 2116 1318 2180 naturali

181 2234 289 2295 earnis
309 2230 486 2315 particular
505 2231 569 2295 aad
591 2252 655 2316 pro
674 2232 802 2295 duabus
819 2234 907 2321 veria
928 2230 1029 2294 rebus
1049 2232 1084 2293 iu
1104 2250 1169 2292 una
1189 2228 1319 2311 hypos-

181 2346 246 2409 tasi
273 2345 386 2423 unitis,
418 2341 481 2407 hoo
510 2352 575 2424 est,
605 2360 665 2427 pro
694 2344 845 2427 perfecta
866 2343 1001 2413 Deitata
1022 2348 1057 2404 et
1082 2339 1233 2424 perfecta
1254 2338 1318 2401 lm*

182 2459 338 2523 inanitate
351 2486 376 2539 ,¹
394 2456 582 2537 inconfuse,
616 2456 861 2539 immutabiliter
881 2463 917 2519 et
936 2451 1178 2518 indivisibiliter
1198 2453 1232 2513 in
1253 2456 1319 2514 uua

181 2587 322 2653 persona
356 2566 479 2633 Christi
511 2568 682 2652 copulatis.
740 2566 818 2631 Una
843 2568 952 2630 'enim
978 2584 1123 2650 persona
1153 2561 1317 2642 Chr-istm,

182 2690 313 2763 unaque
342 2682 540 2765 hypostasis.
591 2680 746 2746 Similiter
774 2698 903 2780 moneo-
921 2687 958 2743 nt
990 2679 1121 2743 auditor
1151 2679 1247 2741 etiam
1275 2676 1317 2743 de

177 2792 403 2857 voluntatibus
431 2796 692 2876 praemuniatur,
722 2813 762 2855 ae
788 2787 927 2877 proinde
944 2791 1065 2855 dictem
1096 2810 1159 2853 noa
1187 2791 1318 2853 mirrime

179 2897 345 2987 affirmare
367 2904 451 2968 duas
470 2907 504 2967 in
526 2903 659 2969 Christo
682 2904 870 2967 voluntates
888 2903 954 2967 sibi
976 2910 1105 2983 mutuo,
1124 2908 1173 2965 -ut
1194 2901 1318 2966 adver-⁵

177 3020 282 3081 sarius
305 3019 486 3097 existimat,
509 3024 733 3101 repugnantes
755 3024 790 3079 et
810 3014 1043 3095 adversantem
1065 3031 1175 3096 neque
1195 2995 1316 3075 voluu-

177 3136 282 3192 tatem*
291 3131 380 3191 carni
390 3130 569 3212 pravisque
581 3128 810 3193 affectionibus
819 3136 857 3191 ct
868 3127 1102 3212 cupiditatibus
1122 3124 1316 3203 obnoxiam

178 3241 240 3303 hoc
264 3240 349 3303 enim
370 3258 478 3322 neque
491 3238 678 3303 *daemones
698 3239 743 3303 de
766 3238 898 3305 Christo
920 3255 1070 3303 asserere
1092 3237 1210 3308 ausint
1247 3234 1317 3300 Sed

177 3370 250 3415 oum
283 3352 467 3435 perlectum
507 3350 669 3413 hominem
709 3354 924 3434 assumpserit
954 3361 992 3414 ut
1022 3356 1130 3413 totum
1154 3346 1316 3425 salvaret,

176 3462 345 3546 perfectus
369 3469 403 3527 et
425 3464 496 3546 ipse
519 3460 617 3525 homo
641 3471 692 3527 est
713 3465 746 3525 in
775 3463 1004 3528 humanitate·
1026 3461 1139 3539 Quam
1169 3456 1316 3521 obrem

177 3573 321 3636 divinam
352 3572 484 3656 quidem
509 3573 711 3638 voluntatem
738 3576 771 3635 in
795 3572 929 3641 Christo
956 3571 1162 3656 appellamus
1186 3572 1254 3633 vim
1281 3574 1317 3634 et

177 3683 346 3747 arbitrium
375 3684 471 3765 illud,
490 3704 568 3768 'qno
586 3684 683 3749 velut
703 3670 863 3749 Dominus
888 3684 1042 3750 mandata
1068 3682 1134 3746 dat
1152 3690 1188 3745 et
1215 3700 1316 3764 prae·

177 3803 275 3879 cepta
297 3796 387 3880 ligit3
415 3816 475 3880 per
499 3795 671 3859 humanam
693 3818 772 3861 vero
795 3796 998 3861 voluntatem
1021 3797 1060 3857 in
1082 3793 1213 3858 Christo
1228 3788 1316 3854 nihil

176 3906 266 3970 aliud
298 3907 530 3993 intelligimur,
569 3928 667 4001 quam
690 3908 823 3973 volendi
856 3909 1068 3990 fatuitatem,
1108 3929 1175 3990 qua
1193 3910 1315 3996 ⁸anima

175 4016 304 4081 ratione
329 4021 496 4103 particeps
524 4018 644 4103 pollet3
679 4038 844 4102 quamque
861 4018 1051 4085 secuudum
1077 4020 1265 4103 imaginem.
1280 4028 1315 4083 et

175 4129 418 4193 similitudinem
443 4130 507 4193 Dei
536 4130 597 4195 sibi
624 4131 738 4195 aDeo
762 4146 952 4195 concessam
972 4139 1009 4196 et
1027 4133 1219 4215 inspiratam
1239 4131 1314 4215 ipso

176 4243 349 4305 creationis
387 4262 467 4306 suae
498 4251 663 4306 momento
697 4242 847 4327 possidet
877 4264 917 4307 eo
946 4243 1028 4325 fine,
1065 4252 1102 4307 ut
1134 4262 1195 4327 per
1230 4241 1314 4305 hanc
1347 4218 1351 4225 ¹

175 4354 279 4435 ipsam
292 4353 424 4416 volendi
440 4361 475 4418 et
492 4354 739 4439 obtemperandi
757 4358 938 4437 potentiam
956 4355 1099 4420 divinam
1109 4355 1313 4418 voluntatem

176 4463 352 4547 divinaque
372 4465 526 4530 mandata
544 4463 681 4549 expleat
695 4473 729 4529 at
742 4466 901 4549 perficiat
934 4466 1063 4547 Quodsi
1071 4468 1181 4531 anina
1190 4464 1314 4535 Christi
