3225 5217
284 499 326 563 56

282 670 318 734 id
344 672 463 737 fecerit
492 693 535 736 ex
567 692 607 735 eo
634 670 755 756 collegi
782 678 913 756 potest,
944 670 1041 756 plene
1072 671 1195 735 nullum
1222 671 1336 736 fuisse.
1384 667 1423 734 In

284 806 350 868 quo
386 785 464 848 mihi
500 782 649 849 Oudinus
682 786 778 847 nimis
812 791 1005 868 arroganter
1035 784 1170 870 judicat.
1222 775 1325 848 Immo
1356 783 1370 867 j

284 896 416 961 saeculo
435 904 533 960 sexto
552 895 799 979 compilationes
820 897 926 959 varias
943 917 982 958 oo
994 917 1103 977 sacra,
1124 916 1210 979 quse
1223 893 1423 972 dicebantur,

283 1008 449 1072 Purallela
470 1029 491 1072 a
512 1008 654 1070 Leontio
676 1007 838 1089 Byzantio
862 1015 967 1072 ortum
991 1007 1146 1072 habuisse
1168 1014 1245 1090 post
1266 1004 1424 1068 Wolfium
1447 1077 1452 1102 Ι

284 1121 438 1204 (Dissert
466 1119 508 1183 de
537 1121 670 1183 catenis.
700 1118 953 1202 Wittenbergae
981 1117 1080 1199 1712)
1108 1117 1293 1182 Cardinalis
1315 1117 1423 1180 Maius

284 1231 455 1313 (Veterum
496 1233 691 1314 scriptorum
732 1251 819 1294 nova
860 1229 1012 1294 collectio
1046 1229 1084 1292 T.
1120 1228 1145 1292 Ι.
1180 1228 1256 1294 edit.
1289 1231 1424 1312 primae,

284 1343 417 1427 Prolog.
438 1363 470 1426 p.
493 1341 582 1404 LIV.
605 1349 639 1404 et
660 1342 699 1404 P.
722 1340 781 1405 111.
805 1363 837 1426 p.
860 1343 903 1405 43
924 1341 1009 1424 seq.)
1033 1340 1215 1404 luculenter
1240 1339 1424 1404 ostendisse

283 1437 422 1517 videtur.
475 1452 599 1517 Verum
636 1462 670 1516 et
704 1453 794 1518 hisce
830 1455 1089 1538 praetermissis,
1127 1473 1226 1534 quum
1263 1471 1307 1514 ex
1341 1448 1424 1514 libro

283 1568 356 1649 ipso
384 1563 580 1644 viderimus,
609 1572 777 1628 auctorem
805 1564 939 1628 saeculo
962 1565 1101 1648 septimo
1122 1563 1265 1642 vixisse,
1295 1559 1424 1626 Oudino

284 1697 328 1740 ex
357 1679 465 1740 animo
496 1675 764 1740 consentiendum
795 1684 863 1755 est,
898 1675 1089 1760 opuseulum
1122 1673 1211 1736 istud
1240 1673 1425 1736 nullatenus

285 1807 385 1872 posse
425 1795 577 1872 spectare
613 1786 667 1850 vel
702 1785 746 1848 ad
778 1785 989 1850 Anastasium
1027 1789 1171 1870 priorem
1207 1783 1424 1869 patriarcham

286 1899 527 1963 Antiochenum
559 1897 614 1960 vel
647 1897 718 1982 ejus
754 1917 989 1962 successorem.
1044 1897 1111 1963 Sed
1146 1917 1212 1979 que
1251 1895 1292 1959 de
1327 1915 1426 1960 eausa

286 2019 454 2075 strotorem
475 2009 609 2095 Hodegi
631 2008 778 2073 detrudit
798 2009 841 2072 ad
861 2011 1027 2074 saeculum
1046 2009 1268 2089 undecimum,
1289 2007 1425 2090 integris

286 2123 431 2205 quinque
478 2120 622 2185 saeculis.
656 2121 815 2184 audacter
854 2121 1078 2186 transmissis?
1133 2121 1253 2184 Annon
1293 2115 1425 2182 saeculo

286 2235 426 2317 septimo
462 2232 517 2296 vel
553 2240 671 2295 octavo
704 2238 819 2294 auctor
851 2231 969 2314 aliquis
1006 2232 1106 2295 talem
1147 2230 1264 2294 librum
1306 2227 1425 2292 offerre

285 2343 415 2427 potuit?
478 2341 546 2408 Sed
575 2341 610 2405 id
636 2363 702 2406 non
729 2350 781 2406 est
807 2341 939 2408 Oudino
970 2363 1082 2422 curae,
1122 2346 1220 2406 immo
1247 2339 1424 2424 Hodcgum

285 2453 366 2518 velit
404 2453 487 2517 nolit
525 2473 587 2537 per
624 2475 662 2518 se
700 2453 841 2520 clamare
876 2455 978 2518 dictat
1010 2453 1053 2518 ad
1086 2455 1297 2518 Anastasium
1330 2473 1424 2517 snum

285 2565 478 2628 monachum
489 2565 646 2631 Sinaitsm
656 2574 757 2648 atque
768 2566 1009 2630 Antiochorum
1025 2568 1214 2650 episcopum
1226 2566 1356 2628 nomine
1367 2562 1423 2626 IV.

285 2675 373 2739 Huic
402 2694 483 2762 ergo
511 2679 617 2762 primo
639 2673 760 2742 Oudini
790 2686 984 2762 argumenta
1013 2677 1134 2740 nullam
1156 2680 1223 2740 vim
1245 2676 1423 2742 attribuere

203 2769 206 2775 ¹
284 2807 429 2871 possum.

372 2898 557 2964 Secundum
589 2907 815 2984 argumentum
845 2897 993 2964 Oudinus
1023 2901 1162 2964 instituit
1175 2898 1198 2982 1)
1229 2921 1273 2962 ex
1299 2897 1423 2982 judicio

284 3010 473 3089 Aubertini,
496 3014 553 3092 qui
575 3031 619 3073 ex
638 3010 743 3074 relata
758 3009 890 3094 Eulogii
909 3018 1014 3072 morte
1032 3019 1123 3080 recte
1142 3008 1316 3090 concludit,
1341 3029 1423 3092 opus

284 3130 435 3205 spectare
470 3142 535 3185 non
562 3106 663 3206 posse
693 3120 736 3183 ad
771 3120 853 3184 duos
887 3121 961 3184 illos
989 3119 1185 3186 Anastasios
1219 3121 1424 3206 patriarchas

283 3231 507 3296 Antiochenos
530 3252 637 3315 neque
659 3233 816 3315 priorem,
839 3251 946 3314 neque
964 3233 1190 3315 posteriorem·
1226 3231 1294 3303 Sed
1314 3234 1423 3312 miror,

284 3322 406 3426 quanta
420 3340 568 3410 Oudinus
591 3341 791 3406 dexteritate
810 3343 886 3407 hinc
903 3342 1129 3426 progedietur.
1174 3342 1315 3424 „Restat
1331 3362 1423 3427 ergo,

283 3455 397 3536 inquit,
419 3462 457 3516 ut
479 3474 562 3538 opus
583 3452 672 3517 istud
693 3453 956 3516 adduastesium
972 3452 1213 3517 Antiochennm
1233 3455 1424 3536 episcopum

283 3565 421 3629 alterum
444 3571 480 3627 et
496 3565 658 3648 juniorem
676 3563 786 3628 multis
803 3558 1082 3646 saeculis‚'quem
1100 3571 1253 3645 quartum
1271 3561 1423 3642 diximus,

284 3683 428 3761 spectet,
451 3697 549 3759 quem
571 3675 772 3739 Aubertinus
795 3695 861 3738 non
883 3677 1022 3757 novit;“
1053 3677 1148 3758 quasi
1170 3674 1211 3739 ab
1234 3677 1424 3739 initiosae-

283 3787 350 3849 culi·
369 3786 499 3870 septimi
522 3807 627 3869 usque
648 3786 692 3877 ad
713 3789 840 3850 initium
859 3786 982 3851 saeculi
1000 3787 1160 3850 undecimi
1174 3807 1240 3851 non
1261 3793 1424 3850 restarent

223 3926 226 3931 ·
283 3900 410 3982 integra
433 3907 574 3980 quatuor
595 3898 741 3979 saecula,
771 3917 857 3980 quae
885 3918 927 3960 ne
954 3897 1056 3961 verbo
1087 3897 1220 3981 quidem
1248 3901 1423 3981 respicere,

283 4009 380 4071 immo
409 4007 566 4073 audacter
595 4010 759 4079 transilire
788 4007 937 4073 Oudinus
968 4029 1029 4092 pro
1062 4011 1184 4094 ingenii
1200 4049 1202 4056 ·
1217 4011 1267 4072 sui
1302 4011 1422 4071 virtute

282 4119 372 4182 haud
395 4118 531 4184 dubitat.

976 4339 1179 4346 ——u-m
1182 4338 1369 4346 -m--u
1372 4337 1421 4345 -α--ι

353 4469 375 4536 ¹)
393 4469 491 4521 Oudiu.
510 4475 576 4521 tom.
595 4470 630 4521 II.
648 4428 700 4522 ool.
720 4472 783 4523 ooo.
