3225 5217
1255 517 1317 585 129

174 696 286 770 totus,
325 710 391 754 nou
423 687 529 756 solum
564 691 599 754 in
631 711 695 756 uua
728 687 862 774 quidem
895 687 1087 776 hypostasi,
1126 689 1187 757 sed
1220 695 1319 757 etiam

178 801 309 885 quaudo
333 803 364 869 ei
385 822 446 888 per
466 805 621 867 virtutem
642 804 751 868 unitur
759 804 780 840 ‘⁶
794 804 827 888 1).
876 802 955 888 Ipsa
975 805 1074 868 etiam
1095 803 1247 870 Ecclesia
1268 815 1319 871 est

177 914 237 980 illa
254 913 372 980 mulier
393 911 492 998 (Gau.
514 913 619 998 3,15),
649 933 746 998 quarn
769 917 854 979 inter
876 922 911 980 et
931 924 1118 1000 serpentem
1140 915 1233 982 Deus
1254 918 1320 989 iui-

176 1029 316 1112 micitias
334 1023 492 1112 posint't
531 1024 577 1090 Et
595 1033 737 1109 quantas
757 1026 956 1091 inimicitias!
997 1027 1093 1106 ,Nou
1112 1031 1196 1119 enirn
1214 1027 1320 1109 vides,

177 1141 300 1222 iuquit,
324 1159 419 1204 enses
443 1146 477 1205 et
499 1143 637 1225 sagittas
659 1142 805 1224 potentis
827 1139 892 1204 Dei
913 1145 1044 1222 acutas,
1071 1161 1132 1226 per
1153 1161 1236 1224 quas
1257 1139 1320 1219 acl·
1351 1182 1358 1194 ·
1401 1123 1404 1128 ’

178 1272 293 1338 versas
316 1261 502 1337 serpentem
525 1258 593 1321 stat
614 1259 741 1316 armata
762 1254 795 1315 iu
819 1254 890 1316 acie
918 1259 953 1316 et
982 1252 1126 1336 proelio,
1157 1260 1322 1316 armatura

178 1363 324 1447 nudique
353 1365 494 1446 munita,
536 1371 570 1428 et
605 1366 751 1428 accincta
782 1363 893 1448 gladio
923 1366 1078 1449 spiritus,
1112 1365 1210 1451 galea
1239 1366 1322 1450 spei,
1407 1447 1417 1461 ι

178 1473 398 1558 lorica-fidei,
428 1475 547 1560 clypeo
576 1475 754 1560 baptismii
797 1475 875 1541 Non
895 1475 991 1540 vides
1013 1477 1135 1540 invicta
1156 1497 1264 1556 arma,
1290 1479 1323 1540 in

178 1589 298 1672 quibus
320 1591 461 1654 conterit
483 1596 517 1654 et
538 1589 648 1653 aufert
664 1592 764 1673 caput
780 1587 968 1673 serpentis?
1007 1588 1157 1670 Crucem,
1179 1592 1322 1672 inquam,

178 1720 291 1785 corpas
320 1709 350 1766 et
379 1703 558 1782 anagninam
586 1700 678 1782 Jesa,
693 1696 803 1782 rota,
837 1721 972 1786 preces,
1012 1701 1158 1786 vigilias,
1187 1708 1222 1766 et
1247 1701 1322 1781 alio,
1412 1685 1414 1689 ’

179 1835 264 1899 quae
285 1813 418 1878 molitur
440 1811 598 1878 adversus
621 1811 888 1898 serpentem“⁸)l
934 1811 999 1898 ,Et
1019 1834 1085 1878 non
1107 1812 1193 1877 dixit
1213 1811 1323 1878 Deus:

178 1928 292 2017 „inter
319 1925 472 1990 mulieres
480 1927 500 1962 “
506 1971 515 2007 ,
544 1924 605 1990 sed
633 1927 744 2007 „inter
772 1923 943 1990 mulierem
951 1927 1166 2008 “,quoniam
1194 1933 1325 1990 ceterae
1364 1983 1371 2003 ,

179 2059 291 2104 omncs
325 2057 411 2122 quae
446 2045 523 2101 sunt
554 2039 586 2100 in
615 2034 738 2100 mundo
765 2034 866 2116 fides,
899 2044 1034 2122 praeter
1068 2036 1172 2101 solam
1201 2034 1326 2102 Christi

178 2149 377 2230 Ecclesiam,
410 2157 485 2213 sunt
512 2151 637 2214 amicae
665 2150 829 2233 serpentis
838 2149 860 2185 “
869 2148 905 2232 ⁴).
949 2147 1051 2232 „Sola
1076 2150 1174 2212 etiam
1202 2146 1326 2213 Christi

179 2261 333 2328 Ecclesia
365 2261 482 2325 dicitur
515 2265 584 2325 vita
619 2269 652 2325 et
673 2253 792 2325 ‘mater
820 2255 1012 2325 viventium.
1062 2259 1148 2324 Nam
1177 2259 1326 2343 reliquae

178 2373 263 2439 tides
294 2363 379 2458 quae
408 2375 544 2438 suntin
566 2372 686 2438 mundo
716 2393 829 2438 omnes
859 2381 936 2437 sunt
963 2382 1111 2438 mortuae
1142 2379 1176 2436 et
1202 2380 1325 2437 matres

178 2493 378 2550 mortuorum
401 2485 596 2570 populorum
620 2493 652 2550 et
670 2488 827 2571 gentium,
850 2494 887 2550 ut
904 2507 989 2570 quae
1010 2489 1042 2548 in
1055 2505 1169 2550 senon
1182 2484 1326 2549 habeant

180 2619 254 2663 eum
282 2601 339 2682 qui
367 2596 467 2662 dicit:
497 2596 570 2682 Ego
600 2618 671 2661 sum
699 2597 788 2679 vita,
818 2619 927 2681 neque
954 2605 1152 2682 regenerant
1178 2603 1213 2661 et
1238 2598 1326 2659 vivi·
1363 2572 1370 2580 l

179 2710 281 2774 licant
301 2731 362 2794 per
384 2719 512 2774 uterum
534 2731 641 2793 aquae
665 2718 698 2774 et
720 2707 880 2794 Spiritus,
902 2729 979 2774 suos
1002 2708 1087 2773 tilios
1111 2716 1145 2773 et
1165 2705 1326 2794 populos:

181 2820 339 2886 sedeunt
362 2824 580 2886 sinesemine
611 2830 645 2888 et
674 2821 794 2886 viduae
821 2823 923 2885 fontis
951 2823 1055 2904 vitae,
1085 2841 1151 2884 non
1177 2819 1325 2883 fruentes

181 2936 367 3016 aquaviva
390 2941 424 2998 et
446 2934 584 2997 saliente
605 2935 639 2996 in
661 2935 762 2998 vitam
784 2934 981 2997 aeternum“
998 2931 1032 3015 ι).

115 3080 117 3082 -
199 3107 203 3118 ,
268 3043 306 3108 In
329 3044 425 3129 hujus
447 3047 548 3130 igitur
569 3043 740 3108 Ecclesiae
751 3027 887 3108 “Christi
910 3042 1061 3108 laudibus
1090 3051 1196 3108 totum
1217 3044 1326 3107 'etiam

181 3158 279 3244 hujus
308 3159 418 3243 operis
457 3157 555 3220 finem
584 3159 732 3236 insumit,
769 3158 826 3239 qui
864 3155 974 3239 locus,
1013 3158 1075 3220 etsi
1110 3158 1154 3219 sit
1189 3154 1329 3239 longior,

181 3278 292 3336 tamen
314 3269 551 3355 pulcherrimus
573 3269 652 3331 mihi
680 3270 771 3333 visus
803 3276 855 3332 est
885 3262 1089 3352 dignusque,
1118 3269 1175 3350 qui
1202 3268 1330 3348 integer

182 3383 237 3446 hio
258 3381 438 3467 allegetur,
468 3383 661 3466 praesertim
693 3401 793 3462 quum
815 3377 871 3443 vel
893 3381 1036 3444 maxime
1059 3400 1103 3444 ex
1126 3398 1167 3443 eo
1190 3376 1329 3458 eluceat,

183 3501 306 3577 quanto
329 3493 526 3557 Anastasius
554 3500 666 3556 noster
689 3501 775 3576 'erga
803 3489 988 3556 Ecclesiam
1011 3511 1128 3555 amore
1158 3497 1191 3555 et
1220 3486 1329 3552 studio

182 3605 400 3670 inflammatus
414 3605 532 3677 ¹fuerit,
584 3602 688 3669 Simul
715 3623 828 3667 exeo
855 3602 993 3687 intelligi
1022 3602 1117 3683 licet,
1150 3598 1329 3685 quomodo,

185 3737 270 3800 quae
305 3715 484 3781 secundum
521 3715 662 3779 litterani
697 3713 849 3778 dicuntur
884 3716 916 3777 in
952 3712 1096 3796 Genesi,
1131 3711 1329 3776 Anastasius

186 3827 332 3912 ¹explicet
362 3825 540 3892 secuudum
578 3847 750 3912 anagogen
786 3825 828 3890 de
857 3824 1019 3889 Ecclesia„
1069 3823 1200 3890 Salutat
1230 3825 1331 3909 igitur

184 3939 367 4006 Ecclesiam
390 3939 469 4018 fere
483 3941 517 4028 in
538 3927 669 4003 modurn
693 3938 900 4002 salutationis
921 3936 1104 4022 Angelicae
1117 3933 1161 4020 ⁰)=

257 4294 627 4406 pmmeQ.
784 4306 1195 4401 pmnmffimp

256 4435 279 4502 ⁸)
298 4435 349 4486 eol.
370 4431 437 4484 10³2
455 4431 486 4482 B.
626 4429 648 4496 ⁴)
668 4429 718 4480 col.
739 4427 812 4480 1035·
825 4444 900 4494 seqq.
1040 4427 1062 4495 ⁸)
1081 4429 1132 4480 col.
1152 4428 1220 4479 1049
1237 4426 1268 4477 Β.

256 4525 814 4597 pmnmmmmmm

1119 4620 1135 4670 9
