3225 5217
281 515 323 578 98

279 698 442 775 perpetuo
465 699 553 772 oret,
580 693 637 775 qui
658 690 883 758 indesinenter
903 690 1027 776 aliquid
1049 693 1127 758 boni
1149 701 1320 779 operetur,
1348 698 1420 761 sive

278 799 314 866 id
333 801 394 889 fist
413 803 634 868 beneficentio
653 806 687 868 in
710 824 847 888 egenos,
869 807 941 870 sive
963 805 1161 888 aliquantis
1183 806 1256 871 Deo
1279 827 1421 874 consen·

278 922 377 980 tenea
398 918 535 980 retione.
578 914 664 980 Nem
687 919 775 980 etin
797 916 905 997 lecto,
927 917 960 980 in
981 919 1052 999 vis,
1075 920 1260 1003 inmenso,
1282 921 1314 984 in
1336 919 1422 1004 foro,

279 1028 368 1092 etin
390 1029 478 1092 omni
499 1027 573 1093 loco
596 1050 653 1092 cor
675 1048 794 1114 preces
817 1029 990 1114 concipere
1012 1037 1133 1114 potest

281 1337 669 1422 numericorum
687 1338 928 1432 onorunnr.
947 1339 1032 1406 sce
1053 1315 1420 1424 numennumen.

363 1477 418 1542 An
446 1477 605 1563 expedint
633 1482 871 1546 communiente
895 1479 1060 1564 qnotidie,
1089 1501 1132 1546 sn
1161 1501 1205 1546 ex
1235 1479 1420 1564 intervallo,

277 1611 319 1654 nn
341 1597 468 1654 tantum
491 1589 608 1656 dicbus
630 1591 836 1657 Dominicis?

759 1796 940 1880 Responsio.

281 1929 285 1937 '
362 1924 457 1991 Haec
479 1925 630 2009 quaestio
654 1926 778 1990 verium
800 1925 903 1991 habet
926 1929 1184 2012 responsionem.
1228 1927 1312 1994 Sunt
1335 1931 1420 1994 enim

276 2038 396 2121 quibus
418 2037 610 2122 quotidiana
632 2039 814 2103 communio
837 2041 1007 2123 convenit3
1031 2047 1065 2106 et
1087 2047 1163 2106 sunt
1185 2039 1304 2125 quibus
1327 2061 1418 2104 com-

275 2153 386 2216 munic
410 2152 541 2216 omnino
561 2171 630 2216 non
650 2151 805 2217 convenit
824 2149 857 2236 ¹)

279 2459 499 2544 Qunnsuro
521 2461 675 2526 EXTRA
699 2397 904 2528 onumen
925 2459 1010 2526 SUB
1036 2458 1320 2544 QUAESTIONE
1342 2461 1413 2524 105.

360 2600 448 2666 Num
469 2600 590 2667 bonum
612 2609 665 2667 eet
684 2608 825 2686 peccota
846 2597 1018 2666 confiteri?

616 2887 623 2900 ,
754 2806 935 2891 Responsio.

356 2943 485 3010 Bonum
498 2953 531 3011 et
543 2944 718 3011 admodum
734 2943 816 3010 utile
829 2953 880 3010 eet
892 2945 1050 3025 confiteri,
1069 2942 1129 3008 sed
1141 2947 1187 3014 its
1199 2953 1236 3009 nt
1248 2943 1413 3010 confessio

150 3115 152 3121 .
269 3077 335 3121 non
355 3056 413 3122 fiet
432 3056 577 3140 cuilibet,
600 3077 700 3142 quum
715 3059 763 3122 sic
777 3077 886 3141 neque
906 3065 942 3122 tu
960 3055 1133 3122 utilitatem
1145 3055 1221 3122 inde
1233 3057 1354 3142 capies,
1379 3065 1413 3120 et

269 3170 404 3254 insuper
421 3167 593 3234 'audientes
611 3170 747 3233 inficiae.
778 3166 815 3234 Si
835 3169 934 3253 igitur
950 3171 1114 3234 inveneris
1131 3171 1236 3234 virum
1255 3171 1412 3254 spiritun-

268 3279 334 3344 lem
342 3279 378 3364 ²),
399 3283 456 3364 qui
466 3283 574 3368 possit
583 3281 644 3346 tibi
654 3279 780 3346 mederi
790 3288 825 3346 et
836 3301 899 3366 pro
911 3289 945 3346 te
958 3301 1063 3364 orere,
1085 3279 1234 3346 huicsoli
1246 3280 1412 3346 confitere.

670 3545 891 3672 putesne
917 3589 1014 3658 cun
1118 3591 1123 3600 “

354 3726 391 3795 Si
412 3728 501 3814 qnod
524 3749 607 3815 opus
628 3722 802 3816 egrediar,
823 3725 911 3794 unde
934 3729 1119 3814 conjiciam,
1141 3747 1218 3792 num
1239 3727 1314 3792 Deo
1335 3725 1411 3812 pln-

173 3835 177 3841 ’
268 3850 342 3907 cent
362 3839 495 3907 ennon?

748 4049 930 4134 Respecto.

351 4140 582 4226 Perfectorum
606 4169 640 4228 et
661 4145 878 4248 spiritnslium
892 4165 1036 4227 virorum
1055 4168 1115 4244 est,
1138 4161 1246 4226 omnin
1257 4168 1409 4225 accurate

335 4456 357 4523 ¹)
376 4457 418 4508 De
436 4455 532 4508 eodem
550 4459 712 4521 argumento
729 4457 819 4508 insius
837 4455 947 4508 disserit
964 4471 1008 4522 qu.
1028 4459 1071 4509 Ἰ..

333 4554 357 4622 ²)
375 4549 474 4626 „iscipu
492 4547 683 4626 rvropcnsis‘t
721 4551 824 4607 Similis
842 4556 893 4605 est.
914 4544 1025 4618 quaest)
1038 4554 1078 4618 6.,
1096 4549 1258 4604 scitarier.
