3225 5217
605 1093 777 1186 CAPUT
805 1092 878 1185 Vl.

173 1269 342 1320 crurum
377 1269 549 1336 scurrus,
592 1271 691 1332 nunu
728 1269 796 1323 sus
832 1270 976 1322 noman
1008 1249 1207 1323 Anssrn‘sn
1233 1269 1315 1322 sum

173 1357 345 1416 SINAITAE
363 1363 446 1416 SIVE
463 1364 692 1416 ANTIOOHENI
708 1367 821 1416 EDITA
842 1365 1030 1441 EXSTANT,
1057 1365 1108 1416 AD
1129 1363 1316 1428 QUEMNAM
1349 1426 1353 1432 Δ
1417 1374 1422 1391 ’

360 1493 362 1498 ,
421 1459 623 1512 AUCTOREM
641 1459 830 1514 SPEOTARE
847 1454 1074 1513 vmnnnnun.
1134 1515 1138 1521 ,

261 1659 289 1722 1.
332 1655 371 1720 ln
408 1654 556 1722 Oratione
590 1657 722 1741 quidem
757 1659 816 1740 „de
849 1677 941 1721 soora
973 1659 1090 1738 synnai
1107 1663 1167 1750 et
1185 1658 1223 1722 dc
1253 1677 1318 1722 coc

165 1769 339 1851 judicando
370 1769 466 1852 dequo
487 1771 674 1852 iujuriarum
704 1768 872 1834 obtioiooe“
905 1768 981 1853 (col.
1011 1770 1074 1832 826
1101 1768 1208 1853 seqq.)
1236 1769 1317 1832 nihil

171 1883 281 1950 inveni
292 1929 301 1960 ,
337 1900 445 1964 neque
477 1879 566 1971 quod
597 1881 809 1946 Anastasium
844 1887 991 1946 nostrum
1030 1889 1120 1946 certe
1150 1888 1318 1946 auctorem

173 1991 327 2059 ostendat
356 2012 463 2076 neque
497 1992 587 2075 quod
622 2013 694 2056 eum
730 1992 896 2057 excludat.
950 1990 1174 2058 Communiter
1207 2001 1318 2057 autem

174 2101 352 2169 Anastasio
373 2111 486 2168 nostro
509 2102 656 2169 sinaitae
676 2104 874 2168 attribuitur.
914 2084 1012 2168 'Haec
1035 2106 1141 2168 oratio
1159 2125 1203 2168 ax
1216 2102 1318 2170 Com-

173 2215 281 2280 befisii
312 2217 480 2300 ipsiusque
511 2215 635 2280 Canisii
648 2215 669 2300 ¹)
703 2216 829 2302 judicio
865 2236 971 2300 aeque
1006 2237 1047 2280 ac
1075 2225 1254 2299 sequentes
1283 2218 1319 2279 iu

176 2326 343 2392 Psalmum
363 2335 496 2391 sextum
521 2327 625 2409 „tales
648 2330 777 2392 omnino
807 2326 914 2391 videri
941 2334 1095 2412 possunt,
1125 2335 1163 2390 ut
1189 2347 1255 2390 non
1283 2328 1317 2389 in

174 2440 288 2524 paucis
311 2459 350 2502 ac
371 2440 454 2502 raris
475 2441 556 2503 satis
580 2441 650 2524 ejus
674 2438 918 2523 exemplaribus
936 2437 1025 2523 apud
1040 2437 1195 2502 librorum
1211 2441 1317 2522 cudo-

174 2552 279 2636 eiores
303 2549 497 2615 delitescere
520 2549 672 2632 debeant,
695 2549 755 2614 sed
773 2550 816 2615 ab
834 2549 984 2616 omnibus
1000 2571 1129 2614 morum
1141 2551 1318 2636 magistris,

176 2683 215 2726 ac
237 2663 381 2728 maxime
408 2662 504 2727 verbi
524 2663 590 2726 Dei
618 2661 916 2747 praedicatoribus,
947 2660 1063 2725 diurna
1091 2682 1132 2730 ac
1160 2671 1320 2726 nocturna

176 2795 274 2838 manu
296 2775 439 2856 versari3
470 2775 518 2838 sic
546 2773 641 2860 bouis
664 2795 703 2838 ac
726 2775 967 2858 compunctioni
997 2775 1165 2857 congruis,
1195 2774 1321 2838 irater-

176 2905 305 2970 naeque
336 2885 520 2968 dilectioni,
552 2905 636 2969 quae
667 2893 719 2949 est
747 2885 914 2954 vinculum
941 2886 1169 2969 perfectionis,
1200 2883 1320 2971 plenae

177 3005 253 3062 sunt
282 3003 322 3060 ,et
355 2997 524 3062 refertae“
537 2995 572 3079 ἓ).
623 2995 728 3082 Igitur
758 3017 858 3079 quum
891 2996 976 3059 hano
1006 2997 1187 3060 orationem
1216 3003 1320 3060 totam

87 3185 94 3194 ,
178 3107 231 3172 hic
253 3128 421 3194 apponere
443 3108 577 3193 longum
600 3110 661 3190 sit,
692 3108 808 3172 saltem
839 3107 995 3172 nonnulla
1026 3129 1071 3174 ex
1101 3128 1141 3172 ea
1169 3107 1320 3172 referam.

114 3217 118 3222 ’
177 3218 291 3304 Atque
313 3241 378 3284 uon
401 3219 503 3284 multo
525 3227 602 3304 post
624 3221 780 3284 orationis
803 3218 976 3284 exordium
997 3220 1163 3312 hominum
1188 3241 1321 3286 suorum

178 3352 287 3397 mores
314 3341 348 3396 et
369 3333 471 3396 vitam
493 3334 639 3416 graviter
660 3334 768 3417 arguit
790 3331 841 3396 bis
863 3332 974 3397 verbis
985 3330 1027 3412 ³):

120 3529 126 3539 .
266 3443 410 3530 „Magna
433 3451 483 3508 est
505 3445 646 3508 caecitas
668 3451 797 3526 nostra,
825 3446 941 3528 iugens
962 3442 1123 3509 socordia.
1166 3442 1243 3508 Non
1265 3463 1321 3508 re-

177 3557 304 3640 peritur
328 3554 416 3640 apud
442 3575 503 3619 uos
531 3557 754 3640 compunctio,
782 3576 849 3619 uon
874 3558 972 3619 timor
993 3556 1074 3630 Dei,
1101 3576 1167 3620 non
1195 3576 1321 3618 morum

104 3645 106 3650 ¹
181 3665 382 3750 emendat-ic,
405 3687 471 3731 uon
492 3663 711 3751 ¹poenitentia3
738 3664 799 3730 sed
821 3674 892 3730 tota
912 3687 1006 3731 mens
1026 3675 1140 3730 nostra
1161 3687 1322 3732 conversa

180 3783 232 3844 cst
253 3775 296 3840 ad
317 3777 490 3860 malitiam,
521 3777 565 3841 ad
586 3777 806 3864 voluptatem,
838 3777 883 3841 ad
905 3778 1109 3864 ebrietatem.
1153 3777 1199 3841 Et
1221 3799 1321 3862 saepe
1408 3838 1411 3856 ,

182 4021 553 4032 Ι....-.........--....------..----

182 4245 185 4251 ,
252 4191 274 4259 ¹)
303 4189 397 4243 Canis:
412 4193 515 4255 antiqu.
533 4191 597 4242 lect.
616 4195 680 4241 tom.
697 4189 739 4240 111
756 4204 783 4254 p.
802 4191 844 4240 60.

160 4357 165 4363 ἰ
252 4287 275 4354 ²)
304 4288 355 4338 col.
373 4287 424 4338 826
442 4287 469 4336 in
487 4289 564 4337 uota:
1032 4351 1037 4358 l

252 4381 274 4448 ³)
301 4382 401 4431 Lector
431 4393 538 4444 semper
565 4381 593 4428 in
624 4382 714 4430 mente
743 4381 862 4430 retineat
889 4377 986 4444 velim,
1018 4380 1157 4428 auctorem
1176 4375 1261 4441 loqui
1286 4375 1322 4426 ad

182 4479 305 4530 homiues
324 4473 491 4526 Christianos
508 4473 613 4527 saeculi
630 4474 746 4538 septimi
