3225 5217
1302 533 1343 598 99

202 709 382 796 dijudicare
400 709 440 792 ¹),
462 719 500 774 ut
520 711 567 774 ait
581 707 773 795 Apostolus.
786 757 794 772 .
806 755 834 772 ..
858 709 953 788 Quae
975 718 1084 774 autem
1107 710 1205 774 homo
1227 710 1345 774 fecerit

201 831 339 908 propter
349 822 468 906 Deum,
490 819 631 906 simplici
653 821 754 887 corde
777 831 811 887 et
833 821 921 886 bono
937 823 1011 906 fine,
1034 822 1114 886 nihil
1127 819 1344 886 damnationis

204 956 248 1000 ex
269 938 310 1000 iis
333 936 464 1000 subibit

207 1244 426 1330 QUAESTIO
447 1247 602 1310 aaran
627 1193 835 1312 caninam
854 1245 939 1310 sua
965 1241 1248 1326 Quansnoma
1271 1242 1343 1306 109.

249 1374 255 1380 ’
289 1387 364 1465 Qua
384 1386 514 1450 ratione
541 1383 788 1470 intelligendum
813 1393 865 1449 est
892 1381 990 1448 illud:
1027 1380 1089 1461 ,Si
1111 1382 1177 1446 duo
1199 1381 1254 1446 vel
1276 1390 1346 1446 tras

203 1519 247 1562 cx
269 1497 365 1596 vobis
387 1498 615 1562 consenserint
636 1517 736 1581 super
758 1505 896 1580 terram,
920 1495 961 1560 de
984 1497 1071 1560 omni
1092 1515 1139 1578 re,
1163 1517 1346 1580 quamcun-

203 1629 269 1693 que
290 1611 461 1695 petierint,
484 1610 543 1675 fiet
564 1608 675 1674 iliisi“
687 1607 714 1693 ²)

686 1819 868 1902 Responsio.

287 1949 463 2030 Dominus,
487 1951 543 2032 qui
565 1951 674 2013 varias
697 1948 836 2014 hominis
859 1951 1077 2034 cogitationes
1100 1957 1133 2013 et
1156 1949 1343 2034 superbiam

201 2060 306 2146 probe
328 2063 434 2142 novit,
463 2060 534 2126 vult
556 2069 679 2125 utnon
701 2061 880 2125 babeamus
902 2059 1054 2124 fiduciam
1076 2063 1110 2124 in
1131 2059 1242 2143 nobie,
1265 2059 1343 2124 lieet

202 2175 317 2236 virtuti
350 2171 494 2236 deditam
525 2181 738 2258 sanctamque
767 2178 870 2240 vitam
903 2193 1058 2260 agamus,
1092 2171 1152 2237 sed
1182 2179 1234 2255 ut,
1272 2191 1345 2234 cum

204 2283 284 2368 quid
310 2288 467 2370 petimus,
484 2274 654 2370 ‘indignos
683 2286 879 2351 arbitremur
908 2307 968 2350 nos
997 2286 1054 2368 qui
1076 2287 1145 2348 voti
1174 2293 1343 2371 compotes

202 2395 379 2460 reddamur
392 2397 437 2481 ⁸),
470 2417 510 2462 ac
532 2396 669 2482 proinde
692 2398 774 2462 aiios
801 2397 946 2483 ejusdem
968 2399 1086 2462 mentis
1109 2405 1143 2462 et
1164 2398 1346 2462 sententiae

203 2513 411 2574 asciscamus.
444 2509 529 2573 Nam
541 2513 597 2594 qui
608 2510 699 2574 solus
721 2518 794 2574 orat
810 2519 843 2575 et
854 2511 983 2596 accipit,
1007 2530 1106 2594 saepe
1123 2512 1155 2574 in
1172 2509 1346 2574 elationem
1418 2493 1420 2498 ’

203 2621 336 2703 incidit3
374 2621 523 2717 pluribus
556 2630 666 2686 autem
702 2616 871 2688 orantibus
908 2631 942 2687 et
971 2621 1226 2706 accipientibus,
1260 2623 1347 2685 intra

204 2732 396 2799 humilitatis
417 2743 537 2800 metam
561 2754 599 2798 se
621 2736 775 2798 continet.
820 2733 896 2812 Hoc
923 2736 1023 2819 igitur
1044 2756 1117 2798 cum
1142 2731 1258 2799 crebro
1281 2732 1345 2796 ad·
1449 2744 1452 2750 '

200 2846 323 2930 junctis
355 2846 429 2910 aliis
462 2850 560 2912 sociis
593 2849 851 2932 praestitissem,
886 2845 1011 2910 obtinui
1046 2844 1135 2929 quod
1168 2845 1275 2927 volui,
1301 2853 1344 2928 et

204 2957 329 3022 suadeo
345 2958 452 3041 vobis,
474 2962 567 3023 utin
582 2962 702 3023 vestris
725 2958 767 3022 ad
786 2956 894 3022 Deum
917 2957 1070 3043 precibus
1093 2956 1179 3022 idom
1202 2957 1347 3020 faciatis:

204 3069 336 3153 quaudo
355 3074 440 3134 enim
457 3072 524 3136 duo
538 3071 593 3135 vel
611 3080 680 3136 tres
698 3093 741 3135 ex
757 3079 829 3135 toto
845 3072 952 3134 animo
969 3077 1073 3151 orant,
1094 3068 1148 3132 vel
1171 3069 1347 3153 aliquando

205 3180 248 3244 ad
259 3182 397 3245 alterum
410 3185 584 3246 tertiumve
600 3183 686 3246 diem
705 3184 719 3267 j
738 3185 865 3268 jurant,
889 3184 1019 3246 omnino
1037 3184 1107 3245 sive
1120 3201 1179 3267 par
1189 3183 1348 3246 visionem

204 3294 277 3356 sive
298 3293 364 3357 aiio
384 3293 485 3358 modo
506 3297 553 3376 is,
577 3295 634 3377 qui
656 3293 780 3378 aliquid
804 3297 945 3358 instituit
968 3313 1083 3378 agere,
1108 3296 1227 3358 certior
1249 3293 1316 3356 fiat.

614 3602 834 3686 nonnemo
859 3601 959 3668 oxa.

292 3739 392 3807 Unde
413 3744 540 3809 somnia
562 3750 597 3806 et
618 3741 784 3826 quomodo
807 3763 908 3828 saepe
931 3761 1011 3806 vera
1032 3741 1139 3806 fiunt?

689 3951 871 4035 Εειροιιιίο.

294 4081 426 4145 Dictum
449 4051 501 4146 est
521 4101 541 4144 a
563 4078 752 4168 Salomone:
783 4079 944 4163 „Somnia
967 4077 1131 4144 extollunt
1158 4075 1350 4164 impruden·
1420 4136 1422 4142 .

934 4296 1350 4308 --—-———-———--———--

280 4465 302 4530 ¹)
320 4463 341 4514 1.
359 4462 422 4514 Cor.
441 4463 471 4529 i,
491 4463 530 4513 15.
843 4461 866 4528 ¹)
884 4461 982 4511 Mattb.
1003 4462 1050 4526 18,
1070 4461 1110 4510 19.

279 4559 302 4627 ⁸)
321 4559 428 4610 'sextus
446 4557 578 4623 Graecus,
596 4562 679 4623 prout
695 4561 797 4623 exstat,
817 4555 993 4622 corrigendus
1011 4554 1128 4606 videtur.

1143 4650 1176 4703 pe
