3225 5217
1142 503 1147 510 ’
1239 546 1302 610 ne

158 715 280 780 virtute
299 734 338 779 ae
357 713 473 801 figura.
512 715 586 795 Qua
603 719 687 782 enim
702 719 900 782 auctoritate
913 739 996 802 opus
1012 718 1087 799 fuit,
1105 725 1142 781 ut
1156 717 1302 782 Verbum

158 823 305 890 divinum
335 833 453 910 eorpus
482 849 575 892 suum
606 828 699 893 daret
732 831 766 892 in
794 831 916 894 virtute
947 837 1073 893 tantum
1103 850 1145 893 ac
1173 827 1302 914 figurat

158 936 264 1023 Igitur
286 957 330 1002 cx
351 939 521 1002 Anastesii
542 948 668 1021 mente,
696 942 754 1023 qui
779 943 976 1004 auctoritate
997 961 1058 1004 sua
1078 942 1218 1004 animam
1240 961 1301 1024 pro

158 1051 270 1114 amicis
299 1052 410 1134 posuit
440 1069 520 1116 vere
551 1059 584 1116 et
613 1050 763 1132 realiter,
798 1073 864 1116 non
892 1054 925 1114 in
954 1053 1076 1116 virtute
1107 1059 1235 1116 tantum
1262 1072 1303 1116 ao

158 1161 279 1245 figura,
310 1164 338 1226 is
368 1165 482 1246 utique
513 1165 611 1228 etiam
640 1183 760 1248 eorpus
788 1166 823 1228 in
845 1163 953 1228 cibum
975 1161 1069 1226 dedit
1089 1183 1169 1226 vere
1190 1171 1225 1227 et
1245 1184 1303 1226 re·

158 1272 275 1354 aliter,
316 1295 381 1338 non
420 1276 453 1338 in
493 1277 614 1340 virtute
646 1283 772 1340 tantum
804 1297 845 1340 ae
877 1275 992 1360 figura.
1046 1272 1157 1340 Sensit
1189 1276 1301 1358 itaque

158 1382 356 1449 Anastasius
383 1393 495 1450 noster
525 1393 639 1470 aperte
668 1389 701 1449 in
739 1389 879 1472 gratiam
914 1385 1301 1467 transsubstantiationis,

159 1494 239 1558 nihii
266 1497 411 1578 veritus,
442 1517 485 1560 ne
514 1518 633 1582 corpus
657 1493 777 1562 Christi
807 1519 874 1561 non
900 1505 1016 1582 posset
1043 1517 1118 1561 esse
1145 1471 1242 1561 simul
1268 1500 1316 1589 5¹¹„

158 1606 305 1690 pluribus
335 1606 427 1672 locis.
470 1607 539 1672 Aut
574 1610 671 1692 igitur
699 1602 897 1674 Anastasius
925 1607 989 1672 sibi
1022 1611 1093 1694 ipse
1126 1617 1300 1693 repugnat,

159 1717 249 1802 quod
270 1718 375 1799 absit,
398 1713 456 1782 au't
477 1718 680 1784 Aubertiuus
702 1722 866 1784 mentitur.

245 1828 358 1894 Habes
387 1831 517 1914 itaque,
551 1830 713 1896 benevole
746 1830 868 1912 lector,
902 1817 1090 1899 testimonia
1121 1831 1301 1896 clarissima

161 1947 193 2006 et
214 1961 280 2006 non
301 1945 447 2008 recentia
468 1940 510 2006 de
533 1944 737 2007 sanctissimo
760 1939 987 2007 Eucharistiae
1010 1941 1232 2024 Sacramenta
1256 1951 1300 2023 et,

159 2073 256 2135 quam
285 2062 438 2118 constans
460 2055 503 2116 sit
524 2051 696 2116 Ecclesiae
720 2051 901 2116 catholicae
929 2053 1078 2133 traditio,
1108 2062 1212 2118 testes
1241 2054 1302 2118 tibi

159 2171 235 2228 sunt
257 2163 291 2228 hi
313 2165 418 2229 nostri
439 2163 623 2244 Anastasii,
654 2161 727 2226 laco
760 2161 892 2244 quidem
921 2172 955 2228 et
976 2149 1126 2248 tempore
1148 2167 1181 2228 in
1203 2167 1300 2230 terris

41 2356 45 2364 ,
159 2276 322 2362 disjuncti,
345 2275 411 2340 fide
430 2283 540 2340 tamen
558 2275 648 2354 uniti,
672 2275 767 2338 sicuti
785 2293 872 2336 nunc
891 2294 1024 2357 quoque
1037 2295 1097 2340 eos
1108 2277 1301 2360 conjunctos

158 2409 351 2452 veneramur
381 2389 424 2450 xin
456 2387 575 2470 coelis,
616 2385 672 2450 ubi
703 2392 740 2448 ut
773 2392 807 2448 et
844 2405 906 2448 nos
936 2385 1001 2450 sibi
1033 2387 1214 2450 sociemur·
1229 2388 1299 2450 suis

158 2500 311 2583 precibus
334 2502 518 2584 impetrent.
