3225 5217
1262 516 1305 581 33

164 691 409 775 circumscripto
420 689 533 756 Verbo
544 690 619 755 Deo
637 690 680 755 ait
698 690 788 753 unita
800 710 887 772 caro,
909 710 975 754 non
995 698 1107 756 tmen
1128 692 1305 755 incircum-

164 805 287 886 scripta
324 804 447 885 euasit3
491 822 601 886 nequo
633 808 783 883 aemma,
822 806 1032 887 quantumvis
1064 824 1138 868 eum
1171 811 1307 867 aeterno

161 914 295 998 jugata3
311 934 436 997 meque
466 914 732 999 inaspectabilis‚
762 916 891 978 etiamsi
919 914 1188 999 inaspectabilem
1210 916 1306 997 quasi

164 1028 251 1089 intus
263 1025 482 1106 circumferat,
505 1046 613 1109 neque
624 1026 750 1111 figurae
763 1046 896 1110 expers,
918 1041 1118 1109 quamquam
1135 1027 1169 1088 in
1182 1026 1307 1110 figurae

166 1145 305 1220 experte
326 1136 572 1202 subsistentiam
594 1141 843 1221 acceperit...
865 1137 994 1216 Quodsi
1015 1136 1060 1201 ad
1080 1136 1168 1201 nuda
1190 1135 1307 1221 Scrip-

164 1256 259 1313 turae
282 1258 316 1312 et
338 1248 509 1313 doctorum
531 1248 634 1313 verba
656 1248 819 1331 attendas,
843 1250 969 1333 absque
992 1248 1308 1331 ulladisquisitione

166 1368 200 1425 et
232 1362 402 1442 examine,
436 1363 469 1423 in
497 1359 616 1425 multas
649 1369 683 1425 et
712 1362 916 1445 perniciosas
938 1359 1161 1425 absurditates
1182 1358 1308 1423 incidas

56 1544 68 1573 x
165 1479 306 1555 oportet
349 1469 395 1535 Et
417 1473 481 1535 hoc
504 1472 678 1537 confestim
705 1492 749 1535 ex
771 1471 873 1537 allato
895 1468 1307 1557 sapientissimi'Gregorii

164 1583 352 1669 testimonio
376 1583 507 1667 planum
531 1584 660 1647 faciam.
706 1581 795 1649 Ecce
824 1592 972 1648 naturam
1001 1592 1147 1648 nostram
1175 1584 1239 1663 ait,
1273 1590 1310 1645 ut

166 1702 292 1779 guttam
314 1697 411 1775 aceti,
434 1694 615 1759 divinitatis
638 1694 756 1780 pelago
779 1698 981 1759 commistam
1004 1715 1087 1759 esse.
1117 1693 1165 1758 At
1186 1692 1309 1758 olorum

167 1814 219 1871 est
241 1826 369 1871 omnem
391 1814 517 1891 guttam
540 1809 574 1870 in
596 1826 686 1871 mare
707 1808 861 1892 injectam
882 1826 1091 1887 evanescere,
1114 1814 1148 1871 et
1159 1806 1309 1871 desinere

167 1938 259 2000 esse,
292 1938 399 2001 neque
433 1918 573 2003 amplius
605 1917 667 1983 auh
689 1926 814 1982 tactum
836 1918 964 1983 cadere.
1008 1917 1046 1984 Si
1069 1920 1169 2001 igitur
1190 1938 1310 2003 corpus

166 2028 298 2094 Domini
330 2048 390 2113 per
423 2033 575 2095 unionem
604 2051 677 2095 cum
709 2030 890 2095 divinitatis
919 2032 1015 2114 quasi
1042 2032 1201 2094 immenso
1229 2031 1311 2092 mari

165 2140 401 2225 inaspectabiles
423 2141 579 2206 effectum
601 2150 663 2223 est,
687 2150 804 2207 natura
827 2150 938 2207 antem
960 2162 1022 2206 sua
1041 2125 1224 2205 ¹divinitatis
1246 2162 1311 2225 pe·

79 2272 82 2277 ’
166 2250 271 2337 lagos,
293 2272 354 2317 neo
376 2252 438 2317 sub
461 2263 635 2338 aspectum.
654 2273 716 2318 neo
738 2243 801 2318 sub
821 2261 946 2318 tactum
956 2252 1063 2333 cadit3
1085 2256 1188 2317 omnis
1209 2255 1310 2337 igitur

169 2360 291 2427 Christi
312 2368 344 2427 in
366 2367 464 2429 terris
488 2369 696 2430 conversatio
719 2374 752 2431 et
775 2368 863 2429 actio
885 2364 966 2429 nihil
988 2364 1079 2429 aliud
1099 2365 1178 2443 tuit,
1211 2384 1310 2447 quam

167 2474 342 2558 phantasia
364 2476 526 2559 quaedam
550 2485 584 2541 et
605 2480 710 2542 inanis
732 2480 914 2562 persuasio,
937 2477 980 2541 ab
1003 2485 1077 2541 ortu
1099 2497 1143 2540 ex
1166 2475 1311 2561 Virginis

169 2594 264 2652 utero
288 2596 322 2652 ct
343 2588 500 2673 deinceps
522 2610 630 2673 usque
652 2589 694 2653 ad
717 2592 942 2655 ascensionem
964 2592 997 2653 in
1020 2589 1144 2654 coelos.
1170 2589 1311 2653 Divinus

67 2674 73 2695 ¹
172 2718 251 2784 ergo
274 2698 455 2786 Gregorius
476 2703 674 2766 mentionem
696 2702 776 2766 fecit
798 2702 909 2787 pelagi
932 2710 966 2766 et
988 2704 1089 2784 aceti,
1112 2722 1178 2765 non
1198 2708 1236 2764 ut
1256 2721 1311 2765 res

170 2810 497 2895 ipsasconiunderet,
520 2812 578 2877 aed
597 2822 633 2877 ut
652 2814 805 2899 exemplo
827 2814 940 2897 aliquo
961 2816 1154 2877 tenuitatem
1177 2820 1212 2877 et
1231 2831 1312 2896 par-

171 2923 306 2985 vitatem
328 2932 465 2989 naturae
488 2932 620 2989 nostrae
642 2946 716 2989 cum
737 2926 864 2989 inlinito
893 2932 928 2989 at
957 2924 1229 3009 incomprehenso
1253 2923 1312 2987 illo

172 3030 352 3099 divinitatis
383 3035 504 3121 pelago
526 3046 744 3121 comparatas
773 3036 1023 3101 demonstraret.
1075 3036 1194 3119 Neque
1228 3038 1313 3099 enim

172 3144 328 3210 credibile
349 3156 411 3229 est7
434 3168 509 3211 eum
532 3148 756 3213 confusionem
780 3158 814 3213 ct
835 3148 1045 3213 abolitionem
1067 3156 1255 3212 naturarum
1278 3150 1313 3210 in

173 3252 304 3321 Christo
327 3258 534 3324 introducere
556 3259 720 3342 voluisse,
751 3262 807 3343 qui
829 3260 913 3325 haee
935 3259 1095 3325 adversus
1116 3258 1312 3323 Eunomium

172 3368 297 3433 scribit.
356 3370 553 3452 „Quaenam
586 3369 710 3438 Christi
744 3381 862 3437 natura
898 3374 933 3436 in
970 3374 1125 3457 passione
1165 3370 1313 3456 colaphis

173 3480 344 3545 caeditur?
378 3480 424 3546 Et
446 3502 531 3566 quae
553 3483 596 3547 ab
618 3491 754 3547 aeterno
776 3483 1019 3569 glorificaturii‘
1052 3482 1193 3547 Planum
1213 3502 1314 3567 porro

173 3602 241 3675 est,
263 3592 344 3676 quid
366 3593 429 3658 sibi
448 3594 592 3659 voluerit
613 3597 677 3659 ists
699 3596 820 3677 Pater,
842 3595 920 3660 licet
940 3595 1030 3658 nulla
1051 3592 1189 3659 accedat
1209 3596 1315 3659 inter·

172 3708 333 3789 protuti03
362 3726 480 3791 nempe
509 3707 642 3791 injurias
665 3706 738 3772 illas
760 3706 963 3772 redundasse
985 3709 1020 3770 in
1041 3727 1172 3771 serrum
1194 3708 1314 3790 inquo

173 3815 337 3881 Dominus
358 3816 546 3899 habitabat,
575 3818 712 3903 gloriam
733 3838 815 3883 vero
838 3827 872 3883 et
893 3818 1051 3883 honorem
1073 3822 1107 3881 in
1128 3819 1314 3901 Dominum,

174 3944 277 4010 quem*
287 3948 405 3992 servus
423 3930 654 3995 circumdabat
689 3929 773 4003 Cum
783 3931 866 3995 haec
877 3930 995 3995 doctor
1005 3940 1142 4015 asserat,
1165 3952 1316 3997 carnem

174 4058 238 4121 que
262 4060 393 4104 servum
415 4048 473 4105 aut
494 4041 632 4105 formam
653 4044 740 4106 servi
756 4042 942 4127 appellarit,
966 4043 1315 4127 quatandemratione
1382 4116 1386 4122 ¹

108 4168 111 4175 ·
174 4149 285 4215 dicere
307 4154 431 4235 potuit,
454 4174 585 4217 munem
608 4155 783 4217 evanuisse
806 4162 841 4217 et
861 4142 1063 4219 commistam
1086 4156 1192 4220 fuisse
1212 4159 1316 4220 instar
1434 4168 1437 4171 ’

175 4270 289 4359 guttae
306 4265 345 4326 -in
368 4272 464 4327 vasto
486 4262 627 4349 pelago?
671 4263 789 4348 Itaque
812 4286 877 4329 uon
903 4266 947 4329 ad
980 4267 1223 4347 confusionem,
1256 4266 1316 4330 sed

174 4372 217 4437 ad
238 4394 394 4439 summam
410 4376 560 4439 unionem
574 4374 804 4439 declarandam
823 4376 894 4461 ejus
910 4376 1098 4462 exemplum
1115 4377 1264 4462 spectat
1283 4378 1315 4463 ¹).

243 4520 266 4589 ¹)
284 4522 336 4573 col.
356 4524 405 4573 211
426 4529 454 4573 et
472 4523 531 4573 214.

1104 4622 1120 4674 d
