3225 5217
300 526 343 591 20

206 678 211 685 ¹
300 721 376 766 caro
398 701 493 765 lieret
512 698 674 766 Verbum:
702 698 907 766 voluntatem
929 705 1056 767 unicam
1079 700 1211 767 deitatis
1234 723 1325 785 esse,
1353 704 1438 769 sicut

300 820 333 877 et
356 811 570 879 substantiam
592 818 719 879 unicam
740 815 860 897 Verbi,
891 838 997 900 neque
1020 816 1103 881 duas
1133 836 1208 881 csse
1231 815 1357 881 Christi
1375 837 1438 881 na-

298 935 405 1007 toras,
428 926 563 990 alteram
587 948 742 1011 capacem
765 927 981 1010 adorationis,
1010 929 1146 993 alteram
1168 932 1374 1013 incapacem,
1404 936 1439 992 et

297 1038 331 1102 id
354 1059 458 1123 genus
480 1037 544 1102 alia
566 1039 669 1123 probe
687 1038 819 1122 quidem
840 1040 1003 1104 interdum
1025 1062 1046 1103 a
1059 1040 1216 1105 Patribus
1235 1048 1372 1121 asserta,
1394 1039 1436 1104 ab

298 1151 369 1215 istis
392 1158 501 1213 autem
523 1170 697 1234 perperam
721 1150 904 1233 intellecta3
933 1154 1075 1234 siquis,
1105 1155 1255 1235 inquam,
1278 1152 1360 1215 haec
1382 1150 1437 1215 vel

298 1262 348 1326 his
371 1261 487 1325 similia
508 1261 693 1345 protulerit,
715 1265 827 1326 veniat
848 1264 908 1327 tihi
925 1266 958 1326 in
977 1272 1119 1328 mentem
1140 1262 1222 1327 illud
1233 1262 1435 1329 Salomonisr

299 1370 499 1457 „Responde
527 1373 628 1437 stulto
651 1373 829 1437 secundum
852 1374 1022 1439 stultitiam
1045 1377 1163 1441 suam“
1182 1374 1221 1458 ¹),
1253 1374 1436 1458 diciteque:

298 1483 516 1565 „inconfusae
528 1494 716 1549 manserunt
728 1488 825 1549 etiarn
836 1494 913 1570 post
925 1489 1075 1551 unionem
1086 1485 1209 1552 Christi
1220 1486 1435 1571 hypostascst

298 1604 331 1659 et
353 1599 381 1660 si
404 1598 477 1678 quis
499 1605 576 1687 post
595 1598 745 1660 unionem
762 1596 880 1662 dividit
901 1598 1116 1681 hypostases,
1137 1599 1311 1662 anathema
1330 1598 1434 1679 est0“,

297 1706 570 1790 quemadmodum
594 1705 724 1772 divinus
748 1707 968 1792 Cyrillusait.
1012 1708 1097 1773 Nam
1119 1708 1257 1794 „legalis
1279 1708 1336 1772 illa
1356 1728 1435 1771 arca

296 1827 396 1903 typus
427 1818 559 1902 quidam
588 1826 639 1884 est
667 1819 803 1883 duarum
834 1823 868 1883 in
890 1818 1021 1885 Christo
1053 1819 1302 1905 hypostaseon?
1345 1818 1434 1898 Quid

294 1951 375 1996 vero
409 1940 485 1995 sunt
517 1930 742 2015 hypostases?
786 1929 919 1996 Clarum
950 1931 1046 2014 quod
1068 1952 1248 2016 personae,
1281 1940 1318 1995 ut
1346 1931 1433 1995 idem

294 2052 427 2109 sanctus
450 2041 594 2128 Cyrillus
618 2051 651 2107 et
673 2046 844 2107 universus
865 2044 1003 2107 Patrum
1026 2044 1144 2108 chorus
1166 2043 1272 2108 docet.
1316 2041 1388 2123 Sic,
1411 2063 1432 2106 o

213 2226 218 2237 Ι
294 2155 418 2237 fidelis,
448 2155 647 2219 adversariis
669 2175 729 2239 per
751 2153 893 2219 adversa
915 2175 974 2219 seu
997 2158 1159 2219 contraria
1189 2176 1333 2221 occurre.
1377 2152 1432 2218 Sic

295 2288 352 2333 eos
366 2288 531 2352 expugna.
564 2265 627 2330 His
638 2265 896 2331 absurditatibus
910 2267 1131 2331 execrandum
1143 2266 1302 2332 Severum
1314 2273 1431 2328 macta.

294 2377 356 2442 His
378 2386 515 2463 percute
539 2376 759 2441 Theodosium
785 2386 818 2441 et
840 2375 1002 2461 Gajanum
1024 2387 1058 2443 et
1079 2378 1246 2443 Julianum
1269 2385 1302 2440 et
1328 2384 1432 2439 totam

294 2488 380 2555 illam
411 2489 617 2555 decicornem
650 2487 837 2572 turbant,
871 2510 957 2572 quae
990 2511 1087 2553 unam
1120 2490 1153 2551 in
1186 2490 1249 2552 isto
1283 2496 1431 2549 naturam

294 2603 428 2667 statuit“
444 2600 479 2685 ³).
511 2601 593 2667 Item
617 2604 650 2664 in
673 2602 736 2666 line
750 2599 941 2685 cap.XIII.,
963 2610 1139 2685 postquam
1162 2607 1276 2667 auctor
1289 2595 1432 2662 ostendit

294 2716 399 2780 fusius
428 2736 471 2779 ex
503 2716 723 2778 sacratissima
745 2713 878 2776 Domini
906 2714 1010 2776 nostri
1038 2714 1192 2795 passione
1215 2710 1307 2795 (cap.
1330 2706 1430 2790 XII.)

294 2836 327 2891 et
348 2825 518 2911 sepultura
540 2823 743 2889 validissima
766 2830 879 2894 contra
908 2822 1092 2886 haereticos
1115 2811 1316 2907 argumenta
1331 2839 1432 2903 repe·
1531 2910 1534 2915 Ι

293 2937 391 3002 tende
421 2958 511 3019 esse,
546 2938 594 3000 sic
623 2934 753 2999 fidelem
780 2934 943 2997 huminem
973 2933 1167 3017 alloquitur:
1205 2933 1324 3015 „Haec
1351 2932 1431 3009 mihi

291 3054 388 3113 imma
409 3058 528 3131 mente,
551 3045 669 3126 fidelis„
691 3044 844 3128 reconde,
868 3055 905 3109 ut
926 3046 986 3109 tibi
1008 3053 1157 3131 tempore
1172 3044 1252 3108 belli
1269 3044 1450 3107 adversus-

289 3162 489 3246 alienigenas
511 3162 586 3225 usui
608 3178 682 3223 esse
705 3164 844 3241 queant,
867 3177 1062 3240 crucemque
1084 3178 1124 3221 ac
1145 3156 1330 3240 sepulcrum
1353 3164 1429 3219 tan-

289 3295 385 3356 quam
407 3272 551 3357 gladium
572 3272 747 3355 ancipitem
769 3272 887 3353 arripe.
918 3267 964 3332 Et
979 3269 1110 3352 quando
1133 3269 1328 3353 multiplices
1351 3288 1428 3334 suas

289 3394 322 3451 et
357 3387 526 3448 intricatas
559 3384 764 3467 nugacitates
799 3380 841 3445 de
882 3381 1061 3446 divinitatis
1097 3381 1315 3466 passibilitate
1346 3404 1427 3468 pro-

288 3496 439 3576 tulerint,
474 3493 538 3557 duc
571 3475 645 3557 illos
679 3491 722 3556 ad
756 3513 886 3556 erucem
918 3496 1120 3577 propositam
1153 3502 1188 3557 et
1218 3494 1264 3558 ibi
1291 3494 1429 3559 trucida.

288 3605 428 3686 Quando
457 3613 566 3669 autem
594 3611 739 3668 nostram
767 3606 801 3667 in
831 3602 963 3669 Christo
992 3613 1141 3669 naturam
1175 3625 1298 3690 negare
1330 3612 1364 3669 et
1395 3606 1428 3669 in

287 3719 416 3781 inanem
428 3714 591 3799 quandum
608 3717 752 3782 umbram
768 3737 807 3781 ac
819 3717 1023 3804 phantasiam
1039 3725 1233 3782 convertere
1245 3720 1427 3802 coeperint,

287 3919 529 3937 --------›‹3-—---
539 3919 746 3926 --—-----------
755 3919 898 3925 -..---.------κ
917 3919 954 3924 κ.»
962 3918 1066 3925 ..-.---..-
1073 3916 1424 3927 ·--·-—-··---›—·-—-—--

355 4044 376 4110 ¹)
395 4044 470 4095 Pror.
491 4045 538 4110 uu,
558 4045 581 4094 ὃ,

351 4139 374 4204 ²)
393 4135 420 4190 τὸ
449 4136 610 4211 δεκακέρατον
638 4142 720 4190 vocat
748 4141 859 4188 auctor:
895 4137 1058 4202 Eutychen,
1090 4137 1272 4202 Dioscorum,
1312 4134 1425 4187 Petrum

282 4234 434 4300 Fullonem,
454 4234 634 4299 Timotheum,
658 4231 851 4295 Theodosium,
872 4231 1020 4297 Julianum,
1038 4230 1182 4297 Gajanum,
1196 4230 1426 4299 Barsauuphlum,

283 4329 431 4395 iacobum,
461 4327 643 4379 venerandum
666 4326 782 4390 denique
810 4326 894 4389 hujus
923 4326 1078 4377 orchestrae
1106 4326 1201 4377 decem
1226 4327 1353 4378 cornibus
1379 4329 1425 4376 in-

282 4428 404 4475 structae
423 4422 571 4473 exarchum
590 4420 722 4473 Severum
741 4420 806 4487 (col.
827 4423 876 4472 112
895 4419 923 4471 C.
946 4426 974 4472 et
993 4423 1043 4473 108
1058 4420 1112 4487 B.).

349 4518 374 4574 'l
393 4517 444 4569 col.
465 4517 513 4567 191
532 4513 612 4566 BOD.
