3225 5217
285 499 347 564 124

282 669 475 737 Ecclesiam.
522 671 583 755 Et,
616 678 655 736 nt
685 667 802 756 paucis
833 669 957 750 dicam,
990 669 1134 734 comedit
1149 667 1292 751 -Adam,
1323 669 1421 754 fugit,

283 781 379 848 latuit
410 783 445 846 in
482 783 599 864 horto,
639 785 827 866 quaesitus,
865 783 1038 863 inventus,
1076 783 1311 847 condemnatus
1343 782 1421 845 suite

283 893 432 960 similitor
454 897 550 958 etiam
567 893 719 960 Christus
740 894 884 960 comedit
903 914 1050 975 coenam,
1072 894 1258 958 voluntarie
1279 893 1367 979 fugit
1387 895 1421 955 iu

282 1013 427 1071 montem
441 1003 609 1072 Olivarum
627 1015 789 1088 oraturus,
812 1007 908 1072 latuit
929 1010 963 1070 in
984 1007 1082 1071 horto
1103 1009 1260 1071 torrentis
1277 1004 1420 1085 Oedron,

283 1120 454 1200 quaesitus
477 1126 529 1184 est
551 1117 721 1186 aJudaeis
744 1128 778 1184 et
798 1122 952 1184 inventus
975 1127 1028 1184 eat
1044 1117 1307 1204 adudaeignum
1321 1118 1421 1182 dante

284 1227 448 1309 osculum,
482 1229 606 1313 ejectus
629 1239 683 1294 est
702 1231 792 1296 illinc
813 1233 943 1295 vinctus
965 1233 999 1294 in
1020 1231 1118 1294 horto
1140 1233 1226 1294 sicut
1246 1230 1355 1294 Adam
1377 1251 1421 1294 ex

283 1329 448 1424 pnediso,
470 1340 658 1425 probroque
672 1350 704 1408 et
715 1344 893 1426 ignominia
904 1350 957 1407 eet
969 1342 1120 1424 affectus,
1142 1342 1266 1429 lignum
1286 1351 1423 1429 portans

283 1449 445 1533 humeris,
479 1459 513 1516 et
534 1451 644 1518 factus
667 1455 836 1518 execratio
858 1463 893 1518 et
922 1453 1152 1536 maledictum,
1184 1455 1421 1519 condemnatus

284 1570 336 1628 est
356 1572 610 1648 proptereum,
634 1567 692 1648 qui
712 1566 823 1630 fuerat
843 1564 1088 1632 condemnatis
1105 1613 1114 1628 .
1132 1612 1168 1629 ..
1200 1563 1247 1629 Et
1269 1585 1423 1649 egressus

286 1681 382 1738 extra
415 1673 603 1742 Jerusalem
633 1685 781 1742 mortuus
815 1685 867 1742 eet
898 1686 1036 1762 propter
1066 1677 1327 1762 protoplastum,
1353 1679 1424 1760 ·qui

260 1791 423 1852 'mortem
445 1785 609 1869 subierat,
641 1808 685 1852 ex
708 1787 805 1852 horto
827 1794 1023 1873 egressue“.
1071 1788 1177 1864 „Tria
1208 1788 1299 1874 ligna
1330 1796 1425 1851 erant

283 1899 317 1960 in
338 1896 508 1982 paradiso:
531 1919 629 1964 unum
653 1899 801 1982 quidem,
825 1909 862 1964 ut
882 1907 1076 1965 vesceretur
1096 1877 1213 1981 homo3
1236 1898 1424 1963 aliaautem

285 2006 378 2090 duo,
396 2008 536 2074 alterum
559 2009 692 2092 quidem
714 2009 837 2095 lignum
859 2010 964 2092 vitae,
997 2010 1136 2076 alterum
1161 2018 1272 2076 autem
1301 2010 1424 2094 lignum

285 2119 507 2203 cognoscendi
527 2119 649 2186 bonum
673 2129 706 2186 et
727 2121 863 2186 malum:
893 2128 1072 2207 propterea
1092 2124 1157 2186 tria
1178 2141 1314 2206 quoque
1335 2121 1425 2206 ligna

285 2231 416 2296 conlisa
444 2240 521 2298 sunt
548 2234 582 2297 in
610 2232 706 2299 horto
730 2231 900 2319 Golgatha
933 2254 994 2298 seu
1016 2231 1205 2313 calvariae,
1237 2231 1295 2296 ubi
1315 2231 1424 2296 Adam

282 2341 417 2426 jacebat
439 2349 585 2410 mortuus
605 2343 639 2428 ¹).
675 2343 785 2410 Unum
808 2344 942 2428 quidem
963 2345 1086 2430 lignum
1111 2345 1247 2410 latronis
1276 2346 1333 2428 qui
1361 2344 1426 2407 fuit

286 2463 448 2534 servatus,
471 2462 509 2520 ut
529 2475 589 2539 per
610 2457 716 2540 ipsum
737 2459 958 2541 percipiamus
978 2477 1045 2520 non
1061 2455 1267 2522 diffluentem
1283 2454 1426 2518 fructum

285 2564 491 2651 theologiae,
514 2569 599 2633 sicut
619 2567 675 2631 ille
697 2567 904 2652 paradisum“
919 2566 955 2650 ²).
998 2567 1121 2649 „Crux
1142 2565 1268 2632 Christi
1289 2573 1341 2630 eet
1361 2564 1427 2649 lig-

285 2697 362 2742 num
384 2678 484 2760 vitae,
506 2679 540 2744 iu
561 2695 627 2760 quo
649 2681 683 2742 in
704 2679 807 2744 altum
828 2679 1053 2744 sublatust'nit
1074 2679 1189 2743 botrus
1210 2684 1368 2757 maturus,
1390 2684 1425 2740 et

286 2789 354 2854 vita
382 2797 496 2854 nostro
524 2797 601 2854 ante
629 2811 691 2855 nos
714 2793 786 2854 visa
816 2799 851 2855 et
884 2791 1075 2874 suspenea“.
1119 2791 1281 2875 „Lignum
1314 2796 1425 2852 autem
1526 2777 1530 2780 ⁵

286 2899 507 2986 cognoscendi
519 2901 639 2967 bonum
661 2909 695 2966 et
716 2901 847 2982 malum,
870 2902 934 2966 fuit
948 2923 1031 2966 crux
1045 2901 1315 2986 blasphemantis,
1338 2919 1423 2983 qnae

285 3013 319 3079 in
342 3011 464 3076 bouum
486 3012 619 3096 quidem
647 3013 695 3078 illi
722 3014 791 3078 fixa
819 3013 948 3094 iuerat,
980 3015 1010 3078 si
1023 3012 1208 3104 uoluisset,
1244 3015 1278 3076 in
1304 3010 1425 3075 malum

285 3131 396 3190 autem
430 3126 459 3188 ei
492 3126 612 3206 cessit,
649 3136 723 3189 curu
751 3133 875 3190 temere
906 3125 949 3190 ab
977 3127 1109 3210 ingrato
1140 3127 1249 3190 animo
1281 3123 1426 3208 linguam
1519 3155 1525 3162 ·

287 3234 511 3316 extendisset,
548 3243 582 3302 et
610 3257 671 3322 pro
699 3236 765 3302 Dei
792 3235 981 3302 laudatione
1008 3237 1117 3302 Deum
1152 3235 1425 3321 blasphemasset.

286 3345 370 3412 Tres
393 3349 441 3412 rei
463 3357 642 3433 peccarunt
662 3350 696 3412 in
723 3348 896 3434 paradiso,
924 3348 1034 3414 Adam
1061 3357 1097 3413 et
1117 3347 1192 3412 Eva
1221 3355 1256 3414 et
1276 3365 1425 3430 serpens,
1492 3385 1497 3393 ·
1586 3372 1590 3380 ·

287 3479 331 3524 ex
365 3458 484 3542 quibus
514 3459 580 3524 duo
613 3458 745 3542 quidem
780 3468 857 3524 sunt
888 3463 1027 3542 servati,
1060 3481 1144 3524 unus
1175 3468 1285 3524 autem
1317 3458 1425 3542 periit.

287 3569 370 3634 Cum
392 3574 439 3635 ita
460 3581 638 3656 propterea
659 3568 728 3637 tres
749 3574 798 3638 rei
819 3572 1004 3657 penderent
1023 3575 1058 3636 in
1074 3572 1239 3649 Calcaria,
1261 3570 1425 3654 (uomina-

287 3681 383 3749 batur
406 3684 490 3748 enirn
513 3685 611 3748 etiam
633 3685 792 3750 Dominus
815 3685 1063 3770 „peccatum“)
1077 3684 1123 3768 ⁸),
1155 3705 1240 3748 unus
1266 3683 1351 3748 latro
1372 3683 1425 3745 in·-

134 3795 136 3800 ’
250 3843 252 3848 .
287 3803 419 3882 gratus,
447 3817 520 3860 eum
548 3804 637 3862 esset
665 3806 766 3884 typus
789 3797 912 3862 diaboli
940 3804 975 3862 et
996 3799 1159 3882 serpentis
1181 3803 1216 3860 et
1237 3793 1346 3860 Judae
1369 3794 1427 3878 qui

287 3927 325 3972 se
347 3899 379 3972 in
401 3907 491 3993 ligno
513 3907 706 3990 suffocavit,
736 3909 843 3994 periit
885 3908 971 3973 Nam
992 3907 1158 3992 quomodo
1184 3909 1342 3993 scriptum
1364 3914 1426 3986 est,

288 4019 377 4103 quod
399 4019 477 4085 dolo
499 4019 659 4104 deceptus
682 4029 733 4086 est
753 4019 880 4102 Adam,
912 4022 961 4086 ita
990 4021 1089 4085 etiam
1110 4017 1217 4084 dudae
1248 4018 1361 4084 osculo
1393 4024 1427 4082 et

288 4130 365 4196 dolo
387 4132 467 4195 fecit
488 4131 722 4216 proditionem:
757 4138 791 4198 et
813 4130 980 4216 quomodo
1003 4131 1127 4196 dictum
1149 4139 1216 4214 est,
1239 4129 1329 4214 quod
1351 4128 1426 4194 dia-

599 4339 823 4362 ...Lu——

358 4494 380 4562 ¹)
399 4494 450 4546 001.
469 4472 520 4548 aa
537 4494 569 4543 n.
710 4492 733 4560 ι)
751 4492 802 4544 001.
821 4492 872 4544 cae
889 4492 924 4543 Α.
1063 4493 1086 4560 ·)
1103 4494 1139 4544 11.
1157 4492 1212 4545 cor
1238 4493 1269 4559 o,
1288 4495 1330 4545 ιι.

1076 4594 1080 4603 r
