3225 5217
303 525 367 592 170

241 684 245 692 ’
299 705 448 764 naturam
479 708 623 764 creatam
650 699 746 766 simul
775 724 851 768 esse
879 707 1041 789 possein
1068 707 1218 792 pluribus
1244 709 1343 790 locis,
1378 705 1439 774 sed
1470 693 1473 696 Α

299 809 363 874 hoc
385 831 460 876 esse
477 813 670 876 attributum
691 823 724 878 et
738 818 976 900 proprietatem
991 819 1093 883 solius
1109 821 1307 886 Divinitatis
1335 822 1440 906 Atqui

299 941 419 1006 corpus
448 922 572 988 Christi
601 934 653 989 cst
681 928 960 1013 circumscriptum
989 939 1024 994 et
1053 941 1171 996 natura
1198 943 1325 1013 crecta,
1361 955 1439 1018 ergo

284 1049 364 1098 'nou
385 1041 496 1118 potest
518 1056 592 1100 esse
613 1038 647 1100 in
676 1039 825 1121 pluribus
847 1041 943 1104 simul
964 1042 1063 1124 loeis,
1094 1064 1156 1107 uec
1177 1047 1211 1107 in
1232 1044 1440 1109 Eucharistia

299 1148 428 1228 utique,
469 1145 736 1231 quandoquidem
777 1173 909 1236 semper
944 1156 978 1216 in
1019 1155 1114 1218 coelo
1153 1164 1214 1220 est
1269 1155 1360 1242 Ergo
1384 1167 1438 1220 'ex

298 1253 466 1322 Anastasii
486 1267 596 1324 mente
618 1280 738 1345 corpus
761 1261 887 1326 Christi
906 1266 940 1326 in
961 1263 1171 1330 Eucharistia
1192 1288 1272 1331 vere
1300 1276 1335 1331 et
1361 1289 1440 1333 rea-

298 1366 374 1432 liter
396 1389 470 1434 esse
493 1391 558 1436 uon
579 1379 707 1456 potest,
730 1373 790 1438 sed
811 1377 846 1438 in
868 1379 995 1454 virtute
1012 1385 1139 1440 tantum
1160 1399 1200 1442 ae
1221 1379 1359 1462 figura“

385 1478 452 1546 Sod
474 1483 651 1548 notandum
676 1493 742 1566 est,
765 1485 849 1549 hanc
870 1489 974 1570 ipsam
996 1491 1241 1571 quaestionem,
1272 1471 1439 1573 quomodo

299 1611 418 1676 corpus
441 1591 565 1658 Christi
592 1597 626 1658 in
647 1593 857 1662 Eucharistia
884 1599 980 1662 simol
1003 1621 1077 1664 esse
1099 1603 1207 1684 possit
1235 1605 1269 1665 in
1290 1603 1439 1686 pluribus
1460 1580 1466 1584 Ι

299 1701 396 1782 locis,
426 1681 652 1770 dilicillimam
675 1729 749 1772 esse
770 1709 912 1792 ideoque
934 1731 1001 1774 uou
1022 1711 1139 1792 licere,
1169 1711 1212 1776 de
1235 1733 1275 1776 ea
1296 1721 1439 1776 mentem

299 1819 442 1882 auctoris
466 1839 508 1882 ex
537 1817 611 1884 ullis
643 1821 714 1905 ejus
737 1821 847 1885 verbis
877 1821 1079 1903 „indirectc“
1106 1831 1234 1887 tanturn
1264 1817 1439 1906 dedocere,

299 1945 399 2010 quum
428 1938 543 1994 auctor
575 1929 617 1996 de
645 1951 686 1994 ea
708 1931 871 1996 disserere
893 1935 1024 1998 minime
1050 1933 1216 2017 intendat,
1247 1935 1366 2000 nedum
1395 1958 1440 2000 ex

297 2039 450 2123 professo
473 2040 569 2106 dicct.
614 2042 718 2126 Atqui
741 2063 782 2108 eo
804 2046 878 2128 ipso
899 2045 973 2108 loeo
988 2045 1185 2110 Anastasius
1201 2048 1343 2131 probare
1356 2049 1440 2129 vult,

298 2148 456 2234 Spiritum
471 2161 619 2218 sanetum
637 2175 711 2220 asse
723 2155 841 2235 Deum,
863 2157 957 2220 Patri
973 2164 1008 2220 et
1016 2157 1102 2235 Filio
1118 2159 1439 2240 consubstantialem,

298 2268 335 2326 ut
356 2269 449 2346 patet
464 2285 508 2328 ex
526 2265 598 2350 ejus
614 2268 718 2350 ipsius
735 2267 858 2348 verbis,
879 2289 967 2351 quae
983 2268 1228 2353 subsequuntur
1238 2267 1280 2351 ³):
1302 2263 1439 2352 „Multis

298 2376 556 2479 digressiqnibus
578 2399 658 2442 usus
681 2399 753 2443 sum
775 2387 811 2444 ct
831 2379 977 2444 fortasse
995 2401 1060 2443 uon
1074 2379 1251 2460 inutiliter,
1273 2402 1346 2445 cum
1360 2403 1441 2466 pro-

298 2492 441 2576 positum
470 2491 571 2555 fuerit
604 2491 848 2573 demonstrare,
885 2493 1022 2556 eandem
1052 2514 1128 2558 esse
1157 2493 1372 2558 substantiam
1407 2500 1441 2557 at

298 2602 530 2685 aequalitatem
552 2623 776 2687 personarum.
820 2604 939 2688 Longe
961 2606 1046 2667 enim
1067 2604 1208 2670 alienum
1225 2614 1277 2668 est
1291 2626 1312 2667 a
1326 2614 1441 2669 sancta

299 2714 476 2794 Trinitato,
500 2713 610 2780 dicere
631 2717 665 2778 in
687 2735 727 2779 ca
749 2717 855 2800 majus
878 2725 912 2780 et
932 2716 1069 2780 minos.“
1113 2715 1310 2780 Nullatenus
1330 2723 1440 2780 autem

299 2823 389 2908 loqui
429 2825 568 2890 intendit
608 2825 650 2892 dc
683 2829 842 2910 mysterio
876 2826 937 2895 SS.
973 2826 1213 2892 Eucharistiae.
1262 2829 1442 2895 Praeterea

186 3001 195 3014 ,
299 2936 497 3002 Anastasius
511 2937 564 3001 hic
574 2937 719 3020 loquitur
730 2937 772 3028 do
788 2939 912 3002 viribus
926 2945 1062 3002 naturae
1078 2947 1209 3004 creatae
1223 2934 1440 3020 naturalibus,

298 3068 406 3131 neque
428 3055 544 3132 nogat,
574 3049 680 3112 Deum
706 3049 804 3112 modo
827 3049 1070 3134 supranaturali
1089 3050 1226 3114 ⁴efficere
1257 3069 1375 3134 posse,
1405 3059 1442 3114 ut

298 3159 418 3242 aliquis
450 3167 582 3242 natura,
616 3163 764 3243 quamvis
800 3168 929 3241 creata,
961 3160 1059 3224 simul
1089 3164 1235 3225 existere
1267 3164 1373 3244 possit
1408 3164 1442 3223 in

299 3270 447 3356 pluribus
470 3270 560 3335 locis.
582 3271 708 3356 ,Atqui
736 3271 789 3334 hic
818 3273 891 3355 ipse
913 3270 1050 3353 modu's,
1080 3293 1146 3355 quo
1176 3291 1295 3355 corpus
1318 3270 1442 3335 Christi

242 3361 250 3370 ³
299 3385 332 3446 in
354 3380 561 3447 Eucharistia
588 3381 698 3463 adest,
729 3381 908 3446 secundum
938 3383 1120 3446 doctrinam
1151 3381 1345 3446 catholicam
1375 3403 1442 3446 non

300 3501 352 3560 ast
373 3493 489 3559 modus
512 3493 677 3559 existendi
698 3480 875 3575 naturalis,
898 3494 958 3558 sed
974 3493 1241 3578 supranaturalis,
1264 3501 1300 3557 ct
1321 3513 1442 3576 „quem

300 3608 362 3670 etsi
384 3595 493 3670 v'erbis
517 3609 702 3690 exprimere
723 3609 781 3670 vix
804 3628 994 3691 possumus,
1019 3604 1210 3691 possibilem
1233 3612 1343 3668 tamen
1366 3624 1441 3668 esso

298 3716 372 3782 Deo
392 3703 604 3801 ‚cogitatione
632 3736 693 3800 per
720 3717 820 3782 fidem
848 3718 1013 3783 illustrata
1033 3718 1168 3800 assequi
1197 3717 1395 3801 possumus‘⁸
1411 3713 1442 3796 1).

299 3829 416 3912 Itaque
440 3849 484 3892 ex
507 3847 547 3891 eo
570 3825 643 3892 loco
657 3825 880 3914 concludere,
910 3829 1121 3894 Anastasiom
1150 3829 1296 3892 sensisse
1323 3847 1443 3911 corpus

301 3940 424 4006 Christi
447 3948 480 4004 et
502 3941 692 4025 sanguinem
715 3943 748 4003 in
762 3941 970 4006 Eucharistia
984 3961 1138 4006 neeesse
1155 3960 1235 4004 vere
1252 3947 1286 4003 et
1300 3938 1443 4017 realiter,

302 4051 361 4117 sed
384 4053 417 4115 in
438 4054 561 4116 virtute
582 4060 708 4116 tantum
731 4073 770 4115 ac
791 4053 906 4137 figura,
929 4053 1008 4114 mihi
1029 4051 1162 4135 quidem
1176 4051 1245 4136 jam
1263 4071 1328 4115 non
1346 4047 1443 4112 vide-

301 4172 354 4228 tur
377 4163 591 4246 concludere,
621 4163 681 4228 sed
705 4172 939 4250 contorquere,
969 4172 1005 4227 ut
1033 4164 1196 4244 omittam,
1224 4161 1443 4224 Aubertinum

613 4381 873 4390 ...-—-.-—---—-—
877 4381 981 4388 2*--

372 4523 394 4590 ¹)
414 4525 465 4576 col.
485 4527 552 4577 1328
570 4525 600 4576 C.
911 4522 934 4589 ¹)
953 4521 1027 4573 Trid.
1046 4521 1073 4574 S.
1094 4523 1134 4573 13.
1153 4535 1213 4586 cap.
1233 4522 1272 4570 1.’
1394 4571 1402 4580 ,
