3225 5217
1261 499 1301 561 41

165 672 357 737 industriam
379 673 535 754 feramus,
555 682 593 737 ut
614 695 728 760 puram
752 682 787 737 et
809 673 851 738 ab
874 675 961 737 omni
983 670 1059 736 labe
1080 641 1240 755 integram
1262 670 1305 735 dc

168 784 304 849 coelesti
335 784 484 851 doctrina
520 788 715 853 sententiam
744 787 984 866 custodiamus,
1022 792 1061 848 ut
1093 783 1306 849 fundamento

166 917 249 981 puro
285 904 320 960 et
350 900 483 963 immoto
516 899 607 984 jacto
642 898 810 984 angularis
845 898 931 982 lapis
963 896 1116 961 Christus
1155 917 1176 959 a
1209 886 1305 959 nobis

166 1009 363 1091 honoretur,
395 1030 522 1092 nosque
546 1030 657 1075 omnes
681 1010 797 1095 culpae
821 1016 973 1073 exsortes
996 1010 1029 1071 in
1051 1008 1115 1071 hoc
1135 1006 1306 1091 spirituale

167 1120 351 1187 aedificium
373 1124 525 1205 apposite
546 1130 754 1207 coagmentet
775 1142 816 1187 ac
837 1129 1027 1205 componat,
1049 1128 1087 1183 nt
1102 1117 1307 1183 abomnibns

167 1234 353 1298 haereticae
386 1235 585 1318 imposturae
619 1232 888 1323 impressionibus
922 1242 957 1297 et
987 1231 1171 1297 incursibus
1199 1228 1307 1293 illaesi

167 1347 390 1431 persistamus.
425 1344 510 1424 Quia
522 1337 603 1409 vero
624 1345 743 1409 stabile
764 1353 798 1409 et
813 1347 1042 1409 inconcussum
1059 1340 1307 1407 fundamentum

168 1458 274 1522 omnis
291 1458 483 1541 sapientiae,
507 1477 592 1539 quae
611 1458 772 1521 aratione
795 1456 1022 1541 proficiscitur,
1044 1456 1216 1519 consuevit
1233 1472 1308 1518 esse

167 1571 360 1653 praeceptio
393 1577 428 1633 et
459 1570 613 1652 pronotio
651 1568 875 1633 definitionum
908 1568 1079 1651 proposito
1112 1573 1308 1651 argumento

168 1682 431 1762 inservientium
468 1678 544 1745 ideo
567 1686 699 1764 oportet
724 1687 761 1743 ut
790 1682 876 1743 istae
906 1677 1120 1758 antecedant,
1152 1684 1308 1760 tanquam

168 1794 351 1877 praesentis
374 1794 557 1875 argumenti
580 1793 781 1857 certissimae
804 1790 915 1856 duces.
950 1791 1072 1855 Paucis
1094 1790 1180 1853 enim
1202 1796 1236 1852 et
1256 1787 1308 1853 hia

170 1900 303 1987 quidem
332 1906 463 1969 minime
491 1906 652 1985 omnium,
686 1905 743 1987 qui
772 1923 857 1967 aevo
887 1910 1000 1967 nostro
1029 1901 1173 1987 degunt,
1209 1919 1309 1965 curae

171 2014 328 2098 cordique
350 2014 429 2095 t'nit,
459 2023 496 2079 ιιι
518 2013 725 2080 definitiones
748 2014 833 2079 hene
865 2015 1016 2099 cognitas
1047 2021 1308 2097 perspectasque

170 2125 345 2215 haberent3
368 2125 428 2191 sed
444 2128 540 2209 quasi
561 2128 594 2189 in
616 2133 776 2191 nocturna
795 2124 850 2189 vel
870 2126 981 2210 potius
1004 2144 1176 2189 caecorum
1197 2141 1309 2207 pugna

170 2236 262 2301 multi
298 2237 555 2317 haereticorum,
594 2258 667 2301 cum
698 2236 817 2320 quibus
844 2256 959 2299 manus
990 2236 1234 2315 concomitans,
1267 2232 1310 2298 de

171 2348 381 2435 dogmatibus
403 2349 447 2413 sd
459 2348 624 2432 Christum
647 2348 888 2433 pertinentibus
910 2346 1184 2433 digladiabantur.
1217 2345 1310 2424 Quos

171 2463 287 2527 morito
324 2461 429 2525 effusa
460 2464 610 2543 risimus3
651 2462 857 2546 potissimum
887 2460 963 2524 illos
997 2460 1055 2541 qui
1085 2455 1310 2523 Alexandriae

171 2576 296 2639 vivunt.
340 2572 427 2652 Quid
450 2575 535 2637 enim
557 2576 662 2659 magis
683 2572 857 2637 ridiculum
879 2571 957 2636 est?
1001 2571 1054 2635 De
1080 2578 1198 2634 natura
1223 2587 1311 2635 nova

170 2684 328 2771 dogmata
350 2684 515 2753 cadebant
536 2692 571 2749 et
593 2684 833 2769 disceptabant,
856 2691 994 2766 atquae
1010 2689 1147 2747 naturae
1162 2680 1310 2745 delinitio
1379 2749 1381 2758 ,

171 2806 277 2878 esset,
307 2798 437 2881 penitus
460 2796 665 2882 ignorabant.
708 2796 761 2859 De
782 2795 956 2880 hypostasi
985 2792 1245 2874 contendebant,
1278 2798 1312 2885 et

171 2908 250 2993 quid
272 2909 465 2994 hypostasis
488 2915 594 2986 esset,
618 2929 683 2972 non
705 2906 960 2992 cognoscebant
1004 2906 1076 2971 Nos
1097 2908 1217 2991 igitur,
1247 2926 1312 2990 ope

52 3034 57 3041 '
171 3020 316 3103 Christi,
357 3041 378 3083 a
410 3021 532 3084 teneris
572 3018 753 3103 unguiculis
789 3039 850 3103 per
887 3026 1059 3102 paternam
1104 3015 1311 3081 traditionem

171 3134 308 3198 scientia
342 3132 565 3196 definitionum
587 3138 740 3195 accurate
763 3138 911 3215 accepta,
942 3136 977 3193 et
1004 3130 1202 3213 conspicati,
1235 3136 1313 3212 post

171 3245 279 3309 Deum
305 3264 366 3328 per
394 3243 482 3308 illam
512 3264 624 3309 omnes
657 3242 867 3307 adversarios
888 3242 982 3306 fusos
1004 3242 1204 3325 fugatosque
1225 3259 1312 3319 osae,

170 3356 339 3425 hortamur
367 3364 500 3420 utente
524 3356 630 3419 omnia
653 3354 815 3419 habeatur
837 3352 954 3417 sedala
975 3352 1200 3417 definitionum
1222 3371 1312 3433 cura,

170 3471 313 3531 maxime
343 3467 471 3530 illarum
494 3486 579 3550 quae
601 3465 644 3529 ad
667 3464 893 3530 defensionem
915 3464 1084 3529 doctrinae
1113 3461 1155 3527 de
1178 3461 1311 3527 Christo

171 3580 306 3660 faciunt,
329 3600 371 3643 ne
393 3579 465 3643 sitis
487 3577 619 3643 barbari
640 3579 799 3663 percussi,
822 3585 856 3641 et
870 3578 898 3640 is
914 3575 1152 3660 quivobiscum
1169 3574 1312 3657 loquitur

170 3695 249 3757 item
271 3692 439 3757 barbarus.
473 3690 562 3754 Ante
574 3692 682 3754 omnia
701 3698 810 3753 autem
831 3690 917 3753 sciro
939 3694 1081 3773 oportet,
1103 3685 1311 3751 traditionem

170 3802 342 3869 Ecclesiae
354 3802 535 3867 catholicae
546 3821 755 3885 nequaqnam
772 3803 805 3863 in
822 3799 971 3887 omnibus
981 3800 1101 3863 sectari
1109 3795 1312 3861 Graecorum
1419 3874 1423 3879 ,

170 3914 439 4001 pbilosophorum
474 3914 689 3977 definitiones.
734 3912 917 3995 Praecipue
949 3912 985 3973 in
1013 3909 1236 3995 disputatione
1268 3907 1312 3973 de

171 4028 329 4110 mysterio
352 4024 476 4089 Christi
498 4033 532 4089 et
554 4022 615 4089 SS.
637 4022 896 4087 Trinitatis...
937 4020 1022 4085 Nam
1044 4022 1236 4105 mysterium
1258 4018 1312 4083 di·-

174 4140 318 4203 vinitatis
347 4135 652 4201 omnasnatursles
681 4134 888 4199 definitiones
918 4141 952 4199 et
978 4133 1072 4218 leges
1100 4129 1312 4195 hanseendit.

172 4250 269 4330 Quod
282 4270 355 4313 cum
372 4250 530 4315 haeretici
547 4269 611 4312 non
627 4246 839 4315 adverterint,
854 4269 874 4310 a
887 4253 980 4310 recta
990 4248 1045 4309 via
1056 4244 1260 4309 exciderunt.
1271 4294 1276 4304 .
1286 4290 1311 4307 ..

171 4354 317 4427 Attende
348 4363 449 4447 igitur
481 4359 560 4445 quid
588 4361 692 4445 prima
725 4356 954 4444 philosophiae
987 4356 1136 4422 definitio
1167 4355 1310 4420 sauciata

174 4474 291 4556 „Quae
319 4482 436 4537 natura
466 4472 527 4539 sibi
557 4480 669 4536 mutuo
698 4471 932 4553 adversantur,
967 4466 1170 4554 impossibile
1199 4474 1252 4532 eat
1278 4467 1312 4531 in
