3225 5217
296 537 359 602 164

291 729 399 774 meum
409 709 442 793 ¹).
464 706 620 776 Similiter
628 719 662 776 et
670 704 803 776 calicem
812 679 979 776 dedititiis
990 710 1118 778 dicens:
1138 711 1226 796 „Hic
1237 716 1435 800 catsanguia

292 823 407 887 meus“
416 820 452 906 ⁷).
496 821 572 886 Non
594 822 694 886 dixit:
717 822 793 889 Hoc
814 832 867 888 est
887 825 995 910 figura
1015 845 1077 890 seu
1099 826 1179 909 quid
1200 827 1292 890 vices
1314 845 1435 911 gerens

292 935 439 1019 corporis
461 941 495 998 et
510 936 677 1020 sanguinis
697 938 772 1000 mei.
804 934 851 999 Et
867 925 1017 1022 pluribus
1032 936 1106 1002 aliis
1116 937 1200 1002 locis
1210 940 1258 1000 ait
1268 936 1435 1002 Christus:

293 1045 380 1127 „Qui
409 1044 584 1110 manducat
610 1068 717 1120 meam
747 1068 879 1112 carnem
910 1057 945 1114 et
976 1049 1060 1114 bibit
1091 1070 1201 1114 meum
1232 1053 1434 1136 sanguinem,

290 1157 392 1222 habet
413 1160 515 1222 vitam
536 1161 725 1224 aeternam“
738 1156 774 1242 ³).
809 1158 895 1225 Cum
913 1163 1015 1246 igitur
1024 1163 1097 1245 ipse
1108 1160 1260 1228 Christus
1279 1163 1434 1244 fateatur,

266 1259 368 1334 'vere
401 1289 475 1334 esse
505 1288 625 1353 corpus
658 1291 753 1335 suum
785 1279 820 1334 et
850 1267 1059 1357 sanguinem,
1092 1293 1191 1355 quem
1223 1295 1286 1338 nos
1317 1273 1434 1338 fideles

290 1383 457 1448 offerimus
498 1390 532 1446 et
574 1384 745 1447 sumimus:
786 1382 930 1468 agedum
967 1383 1053 1448 affer
1093 1385 1189 1450 nobis
1226 1383 1354 1471 aliquid
1388 1405 1432 1448 ex

290 1495 515 1558 communione
532 1501 665 1558 vestrae
687 1494 859 1576 ecclesiae,
880 1502 1037 1577 tanquam
1059 1516 1161 1580 super
1183 1515 1313 1560 omnem
1334 1495 1431 1559 aliam

289 1604 472 1686 ecclesiam,
494 1611 531 1668 ut
554 1604 646 1685 dicis,
669 1605 888 1687 orthodoxae,
911 1615 945 1670 et
966 1608 1091 1671 invase
1106 1627 1180 1670 curn
1197 1607 1284 1670 omni
1307 1606 1430 1671 honore

289 1725 323 1782 et
355 1719 541 1783 reverentia
573 1737 770 1802 reponemus
804 1717 868 1781 hoc
899 1725 1048 1782 sanctum
1078 1738 1199 1803 corpus
1233 1715 1364 1782 Christi·
1396 1725 1430 1782 et

288 1831 487 1914 sanguinem.
530 1826 577 1891 Et
598 1830 626 1894 si
649 1831 734 1892 intra
755 1849 881 1914 paucos
903 1828 975 1894 dies
996 1850 1062 1892 non
1092 1837 1337 1913 corrumpatur,
1371 1836 1429 1894 aut

287 1943 493 2023 immutetur,
526 1947 585 2005 aut
615 1939 790 2022 alteretur,
824 1940 957 2025 planum
984 1940 1043 2006 fiet
1063 1961 1125 2004 vos
1146 1948 1237 2006 recte
1268 1960 1429 2022 asserere,

288 2049 453 2118 Christum
475 2052 612 2136 abipso
634 2052 868 2116 incarnationis
890 2051 1029 2116 exordio
1051 2073 1096 2116 ex
1119 2054 1206 2116 omni
1233 2060 1329 2138 parte
1352 2072 1429 2116 cor·

285 2166 445 2250 ruptionis
468 2171 639 2248 expertem
671 2183 755 2228 esse.
800 2161 838 2228 Si
858 2185 940 2228 vero
969 2172 1195 2248 corrumpatur
1223 2171 1281 2228 aut
1307 2165 1429 2227 immu-

285 2284 389 2358 tetur,
429 2285 566 2341 necesse
596 2277 659 2340 erit
689 2283 726 2338 ut
754 2295 853 2338 unum
883 2296 903 2340 e
932 2274 1061 2340 duobus
1090 2275 1272 2340 fateamini:
1304 2282 1363 2340 aut
1394 2273 1430 2338 id

286 2386 376 2470 quod
398 2388 543 2469 sumitis,
575 2407 641 2450 non
671 2406 745 2452 esse
768 2407 882 2450 verum
911 2408 1032 2470 corpus
1054 2384 1195 2466 Christi,
1230 2385 1292 2451 sed
1324 2385 1428 2450 solam

283 2499 423 2585 figuram
457 2508 490 2564 et
522 2498 644 2563 nudum
674 2518 808 2582 panem,
849 2506 907 2562 aut
938 2505 1076 2583 propter
1106 2517 1297 2583 perversam
1328 2497 1428 2561 fidem

283 2617 445 2692 vestram,
476 2607 632 2695 Spiritum
663 2617 812 2674 sanctum
840 2612 873 2674 in
901 2609 984 2674 illud
1016 2631 1082 2674 non
1111 2609 1337 2692 descendisse,
1370 2578 1427 2672 adt

284 2742 403 2806 corpus
437 2719 560 2785 Christi
591 2727 667 2786 aute
704 2723 979 2786 resurrectionem
1013 2723 1215 2805 corruptioni
1243 2720 1427 2806 subjectum

283 2853 367 2915 esse,
390 2840 505 2917 utpote
527 2832 728 2896 immolatum
757 2841 790 2896 et
813 2835 911 2897 morti
932 2830 1086 2897 traditum
1109 2841 1144 2896 et
1164 2814 1369 2896 vulneratum
1392 2840 1426 2896 et

282 2943 421 3010 divisum
444 2951 477 3008 et
498 2941 737 3034 manducatum.
787 2935 872 3014 Nam
895 2925 1150 3030 incorruptibilis
1172 2950 1289 3008 natura
1316 2962 1425 3025 neque

281 3056 456 3136 scinditur,
482 3045 598 3139 'neque
632 3056 737 3121 latere
773 3064 806 3121 et
833 3056 984 3121 manibus
1011 3055 1220 3136 vulneratur,
1252 3074 1360 3137 neque
1391 3055 1425 3116 in

280 3176 392 3254 partes
415 3167 581 3250 dividitur,
604 3187 666 3231 neo
689 3171 786 3232 morti
809 3167 917 3250 datur,
940 3187 1048 3250 neque
1070 3166 1294 3246 manducatur,
1315 3184 1424 3247 neque

280 3283 386 3345 teneri
407 3286 518 3365 potest
540 3299 647 3362 neque
670 3283 776 3363 tangi,
799 3287 836 3344 ut
849 3288 943 3364 patet
961 3278 1114 3364 exemplo
1132 3277 1423 3362 incorruptibilium

281 3399 470 3458 naturarum
492 3390 599 3475 angeli
623 3399 657 3456 et
679 3392 829 3456 animae“
846 3389 882 3476 ⁴).

350 3788 488 3855 1)ιιοιιο.
508 3790 550 3856 ac,
569 3789 610 3840 οι.
767 3787 790 3854 ²)
809 3789 875 3839 reru.
893 3788 934 3838 :a
1091 3783 1114 3852 ⁸)
1133 3786 1196 3837 ron.
1214 3787 1240 3852 ο,
1258 3785 1301 3838 οι.

348 3883 373 3950 ⁴)
392 3879 489 3948 „otro
507 3879 651 3955 πιοτεύοριν
669 3877 711 3934 καὶ
728 3877 811 3940 οὕτως
829 3876 999 3955 ὁρολογοῡρέν
1022 3877 1086 3933 κατὰ
1108 3876 1153 3954 τὴν
1177 3874 1257 3953 φανὴν
1280 3873 1421 3930 αὐτοῦτοῦ

278 3978 396 4050 Χριστοῦ,
414 3974 445 4053 ἣν
463 3973 527 4051 πρὸς
543 3973 601 4034 τοὺς
619 3973 733 4050 μαθητὰς
751 3972 792 4028 ἐπὶ
809 3984 854 4028 τοῦ
867 3971 968 4028 δείπνου
985 3983 1029 4027 τοῦ
1048 3981 1165 4048 μυστικοῦ
1184 3968 1326 4046 μεταδιδοὺς
1338 3968 1422 4030 αὐτοῖς

278 4067 320 4124 τὀν
334 4068 458 4132 (uotonis
472 4061 546 4145 ἄρτον
558 4067 642 4144 hiere·
660 4069 784 4138 „Addere
803 4068 908 4144 ράγιτι·
925 4065 999 4121 τοῦτό
1012 4067 1058 4144 pori
1072 4066 1123 4121 ἐστι
1135 4063 1277 4137 τὸ,οῶριι.“
1293 4063 1422 4123 Ὡσαύτως

277 4162 319 4219 καὶ
343 4163 371 4218 τὸ
400 4163 520 4241 ποτήριον
547 4162 690 4236 μεταδιδοὺς
714 4161 799 4223 αὐτοῖς
822 4181 897 4239 φησι·
924 4160 1024 4230 „Tauri
1050 4159 1098 4236 ροό
1120 4160 1172 4214 ὄττι
1194 4159 1223 4214 τὸ
1246 4159 1337 4236 αἱροῖ*
1366 4156 1421 4212 Οὐκ

277 4257 362 4327 ιῖπιν,
386 4257 459 4313 τοῦτὸ
484 4258 534 4314 ἐστι
555 4255 583 4312 τὸ
607 4255 739 4312 ἀντίτυπον
762 4267 806 4311 τοῦ
833 4257 945 4333 σώματος
967 4253 1008 4310 καὶ
1031 4265 1075 4309 τοῦ
1102 4249 1206 4326 οἷροτὸς
1230 4273 1298 4329 pou·
1320 4250 1369 4306 Καὶ
1393 4252 1420 4306 ἐν

278 4351 371 4429 ἆτέροις
389 4353 415 4408 ii
434 4351 530 4408 πλτῖοτι
547 4351 633 4414 τόποις
652 4351 762 4427 ροιίνιτοιι
782 4349 794 4406 ὁ
814 4349 920 4427 Χριστὸς
936 4349 1028 4419 εἰπὼν,
1054 4344 1093 4404 ὅτι
1109 4350 1157 4417 „¹0
1173 4347 1278 4424 τρώγων
1302 4367 1349 4420 pou
1373 4345 1419 4424 rip

279 4447 359 4522 οάριιο
376 4445 417 4502 καὶ
435 4446 513 4503 πίνων
533 4466 579 4523 μου
597 4444 625 4502 τὸ
644 4445 715 4523 αἴρει,
735 4445 791 4520 ipe:
804 4444 874 4522 ζωὴν
891 4443 1018 4500 οἱὼνιον.“
1042 4440 1139 4498 Λοιπὸν
1158 4439 1235 4496 αὐτοῦ
1253 4452 1299 4496 τοῦ
1311 4445 1419 4518 Χριστοῦ

278 4551 474 4620 ραρτυροῦντος,
503 4537 540 4596 ὅτι
558 4554 629 4618 σῶμα
647 4538 723 4596 αὐτοῦ
742 4540 806 4595 ἐστιν
825 4537 929 4617 ἀληθῶς
949 4537 991 4594 καὶ
1009 4537 1088 4615 tipo,
1113 4532 1176 4614 drap
1195 4535 1219 4593 ci
1235 4535 1317 4594 πιστοὶ
1336 4557 1419 4614 προο-
