3225 5217
1189 514 1309 581 Ι81

171 684 338 753 Christum
350 687 518 773 subjiciat.
530 688 599 773 jam
614 685 687 751 lues
699 686 903 769 destitutum,
916 689 985 773 jam
994 688 1069 753 luee
1084 686 1309 772 plenissimum

170 799 232 865 sibi
254 802 452 885 imaginans3
474 800 573 865 modo
596 800 724 867 duobus
738 804 874 884 naturis,
896 801 995 866 modo
1013 809 1310 883 unaeonstantsm3

169 918 327 977 mutatum
352 919 384 977 et
406 912 672 979 transformatum
694 914 798 977 instar
820 913 968 998 leporum
992 914 1048 996 (ut
1070 912 1194 997 aliquid
1216 916 1312 997 quasi

170 1022 395 1107 blasphemiae
428 1022 586 1107 loquar),
619 1026 690 1089 sive
721 1026 971 1109 praegnantium
1003 1024 1191 1106 mulierum,
1224 1045 1311 1108 quse

169 1135 255 1199 nurio
277 1134 410 1217 quidem
433 1134 516 1201 duas
538 1138 662 1199 animas
685 1135 819 1218 habent,
841 1156 928 1199 nune
949 1157 1062 1201 rursus
1083 1145 1160 1221 post
1180 1145 1311 1221 partum

168 1267 233 1310 uua
255 1246 426 1311 dumtaxat
448 1246 618 1332 praeditae
653 1248 766 1311 sunt“.
819 1246 934 1328 „Quid
966 1249 1066 1332 igitur
1096 1248 1139 1313 ds
1176 1256 1310 1313 caetero

169 1356 312 1447 faeiem?
335 1378 400 1441 quo
423 1378 475 1423 me
498 1356 649 1423 vertam?
689 1359 855 1444 „Propter
875 1358 1021 1424 Nestorii
1044 1362 1129 1424 enim
1149 1360 1310 1442 morbum,

169 1470 284 1551 inquit,
306 1469 500 1554 repudiatae
524 1446 558 1537 et
579 1470 723 1555 rejectae
746 1480 823 1536 sunt
837 1469 923 1535 duae
944 1473 978 1533 in
991 1469 1124 1538 Christo
1142 1472 1310 1537 naturae“.

168 1578 297 1645 Rursus
320 1589 456 1667 propter
466 1579 653 1665 Eutychen,
675 1581 872 1647 Diosoorum
895 1590 930 1647 et
940 1580 1163 1647 Theodosium
1177 1586 1309 1649 omnino

168 1694 334 1777 rejiciatur
368 1714 436 1756 vox
472 1692 545 1772 illa,
580 1712 665 1775 quas
699 1714 794 1757 unam
827 1696 861 1756 in
894 1692 1028 1759 Christo
1061 1694 1242 1759 divinitatis
1276 1703 1311 1761 et

167 1803 376 1869 humanitatis
397 1812 546 1869 naturam
569 1824 644 1869 esse
665 1802 825 1885 affirmat3
849 1812 883 1868 et
900 1806 949 1869 sio
969 1807 1074 1870 inanis
1090 1808 1153 1871 erit
1172 1807 1311 1890 posthae

166 1916 385 2003 praedieatio;
413 1938 498 1982 vana
521 1920 618 1983 etiam
641 1916 737 1981 fides.
781 1915 910 1983 Peribit
936 1917 1054 2003 rehgio
1083 1926 1117 1982 et
1139 1924 1245 2001 usqne
1266 1918 1311 1985 ad

166 2030 419 2095 internecionem
434 2030 619 2097 delebitur“
637 2030 666 2109 't
701 2028 769 2095 Sed
791 2029 965 2115 „agedum
987 2032 1094 2113 inquit
1102 2030 1310 2110 Anastasius,

93 2199 96 2208 .
165 2139 338 2207 deeiooms
378 2142 448 2227 ejus
486 2141 672 2207 sodalitium
707 2162 751 2207 ex
789 2142 991 2227 prophetiois
1032 2138 1067 2206 et
1104 2143 1305 2228 evangelicis

159 2250 347 2337 .Soripturis
376 2263 602 2337 conteramus3
636 2254 900 2321 demonstrantes
933 2252 1021 2319 aliud
1052 2274 1128 2320 esse
1160 2262 1310 2319 naturam

167 2375 201 2429 et
222 2362 312 2429 aliud
333 2365 535 2450 personam“
548 2362 585 2447 ²).
628 2363 674 2431 Et
703 2363 738 2427 id
766 2363 899 2447 quidem
931 2367 1001 2449 agit
1032 2367 1141 2449 eapite
1162 2362 1256 2429 VIII.
1268 2362 1309 2449 3).

167 2474 252 2539 'l'um
280 2496 361 2541 vero
390 2476 478 2541 idem
505 2484 732 2563 argumentum
762 2478 975 2561 prosequitur
1002 2479 1110 2561 eapite
1132 2475 1196 2543 tx
1209 2475 1234 2556 ⁴)
1264 2498 1310 2542 ex

167 2597 377 2654 mmosanota
404 2588 551 2655 Nicaena
581 2588 729 2674 synodo,
764 2608 862 2672 quam
895 2596 995 2654 vocat
1029 2590 1342 2673 „primogenitam

167 2696 281 2766 saneti
303 2698 466 2786 Spiritus“
480 2699 518 2785 6),
540 2700 582 2767 de
605 2721 671 2784 qua
693 2721 812 2767 ovans:
844 2698 937 2782 „Em
958 2702 1015 2782 ait,
1038 2700 1128 2765 basis
1148 2699 1227 2767 fidei
1248 2698 1310 2769 SS.

166 2810 318 2894 Patrum3
340 2833 381 2875 en
403 2812 518 2896 radix,
540 2814 732 2899 principium
757 2819 790 2877 et
811 2810 1059 2879 fundamentum
1080 2812 1234 2895 pietatisa
1267 2833 1310 2879 en

167 2922 288 2987 lumina
311 2932 345 2989 et
367 2946 548 3009 praecones
570 2926 737 3004 veritatis,
769 2944 812 2988 en
839 2922 1016 2990 columina'
1029 2924 1164 2988 immota
1193 2930 1227 2987 et
1254 2924 1310 2985 iu-

168 3036 372 3120 superabilos
394 3043 676 3121 propugnatorem
707 3054 748 3101 en
770 3037 835 3099 viri
856 3034 904 3098 illi
930 3036 1049 3120 spiritu
1069 3032 1181 3097 divino
1208 3033 1310 3117 pleni,

167 3147 364 3232 prophetiae
386 3147 473 3211 dono
495 3149 664 3227 instructi,
696 3166 860 3231 paresque
882 3145 1007 3229 angelis
1094 3145 1309 3229 quibusoam

168 3261 255 3321 omni
276 3258 398 3323 fiducia
424 3258 478 3323 fas
506 3259 607 3323 suerit
640 3257 845 3323 exclamare:
878 3256 944 3340 „Si
971 3258 1111 3344 angelus
1140 3257 1182 3323 de
1212 3257 1307 3323 eaelo

166 3368 338 3436 Eoolesiae
360 3369 449 3435 aliud
478 3368 683 3454 evangelizet
709 3377 842 3454 praeter
867 3371 919 3452 id,
946 3369 1036 3453 qnod
1064 3390 1125 3435 nos
1149 3358 1182 3435 ei
1202 3390 1308 3436 evan·

168 3481 380 3565 gelinavimus
393 3489 426 3545 et
441 3482 721 3564 annuntiavimus3
744 3482 919 3547 anathema
939 3484 983 3546 sit
1005 3488 1039 3547 et
1059 3483 1132 3565 ipse
1153 3489 1187 3546 et
1208 3462 1332 3565 prae-3

169 3592 290 3657 diaetis
314 3593 407 3679 ejus“
420 3590 456 3675 ⁶).
489 3590 552 3657 His
574 3600 683 3659 autem
707 3601 741 3657 et
763 3592 921 3658 similibus
942 3595 1144 3678 argumentis
1166 3593 1309 3660 refutata

166 3706 257 3788 impii
287 3702 402 3771 Severi
436 3703 602 3785 doctrina,
635 3706 743 3788 eapite
764 3702 813 3769 X.
826 3702 848 3784 ἵ)
880 3712 1037 3787 quattuor
1070 3703 1309 3789 disputationes

168 3834 242 3879 eum
263 3814 438 3879 haereticis
460 3814 686 3880 Alexandriae
710 3815 841 3883 habitas
868 3816 989 3898 refert,
1018 3816 1309 3898 quarantaniam

168 3925 312 4011 exempli
333 3945 434 3991 eausa
455 3947 555 4011 supra
575 3926 727 4015 allegavi.
1003 3938 1008 3945 ·

238 4318 532 4387 umamm
619 4296 914 4385 uwtmm
1018 4318 1275 4386 ummwm

237 4414 497 4481 mmmmm
624 4414 838 4480 mmmm
1021 4414 1192 4481 mum
1280 4429 1283 4438 ,

237 4508 499 4577 ommam.
