3225 5217
286 481 328 543 82

282 670 318 715 se
345 652 471 735 ipsum,
501 671 601 735 quum
630 673 696 716 non
725 653 772 739 ita
798 650 924 737 pridem
951 649 995 714 ad
1023 670 1114 715 mare
1139 658 1303 742 mortuum
1325 657 1425 731 essct,

281 761 327 826 ibi
355 763 504 848 captivos
528 759 670 849 Cyprios
701 759 874 848 vidisse¹).
924 762 1018 842 Quae
1053 765 1160 826 omniu
1194 783 1273 826 sene
1303 763 1425 846 optimc

260 863 445 957 'quadrant
465 875 499 938 in
521 873 732 938 Anastasium
754 882 920 955 nostrum,
953 894 1050 959 quem
1072 872 1204 938 saeculo
1227 874 1367 958 septimo
1391 880 1426 936 et

282 987 380 1049 etiem
402 984 489 1049 ultra
511 986 668 1066 claruisse
690 983 881 1070 vidimus²)‚
904 1005 1011 1070 neque
1036 992 1099 1067 est,
1123 1006 1181 1050 cur
1199 1005 1238 1049 eo
1258 986 1424 1076 posterio-

279 1117 356 1163 rem·
377 1105 544 1162 auctorem
573 1104 772 1179 statuamus,
811 1104 892 1182 puta
925 1105 1002 1182 post
1034 1098 1250 1163 recentiorem
1281 1094 1423 1178 aliquam

281 1206 386 1291 Cypri
408 1211 702 1294 expugnationem,
724 1228 822 1293 quem
844 1210 980 1294 primam
1002 1229 1031 1272 a.
1054 1208 1117 1272 647
1136 1208 1192 1271 vel
1210 1208 1273 1272 648
1290 1207 1423 1290 fuctum,

280 1320 475 1403 praesertim
498 1339 597 1402 quum
619 1322 691 1405 ipsa
710 1321 860 1404 quaestio
879 1321 929 1384 96.
947 1321 1089 1382 maxime
1104 1317 1286 1410 „cohaereat
1301 1337 1423 1402 quaes·

281 1430 362 1493 tioni
397 1430 464 1511 95.,
500 1451 598 1514 quam
633 1452 654 1494 a
686 1409 853 1518 Philippo
879 1429 1025 1497 solitario
1064 1426 1241 1494 Anastasio
1277 1426 1422 1496 Sinaitae

214 1584 220 1591 =
280 1539 414 1606 attribui
436 1539 609 1606 Fabricius
631 1564 731 1628 supra
753 1550 894 1607 testatus
918 1551 977 1607 est

366 1652 518 1734 Denique
554 1653 588 1716 iu
622 1651 816 1736 qu.'123.')
854 1661 969 1717 auctor
1002 1649 1163 1718 memorat
1198 1654 1421 1738 captivitatem

281 1759 559 1848 (αἰχμαλωσίαν),
587 1766 621 1828 in
649 1786 716 1849 qua
742 1766 849 1848 ipsum
878 1783 1009 1849 quoque
1039 1755 1250 1858 coustitutum
1279 1784 1353 1829 csse
1377 1783 1420 1831 ex

281 1876 352 1960 ejus
386 1875 497 1940 verbis
531 1877 678 1962 conjicio.
723 1875 814 1940 Dicit
845 1865 930 1941 enim
964 1874 1041 1960 (col.
1066 1875 1158 1960 773)ι
1199 1867 1253 1964 ἐφ’
1284 1866 1422 1960 ἑκάστης

280 1980 449 2071 ἁμαρτίας
471 1980 540 2052 ἔστι
563 1987 760 2074 κατανοῆσαι
783 1981 909 2062 πολλοῖς
932 1975 1111 2074 διαφοράς.
1147 1984 1217 2052 Καὶ
1239 1979 1300 2075 γάρ
1321 1980 1421 2072 itaqu

280 2085 468 2184 συγγνώμην
478 2089 566 2178 εἶχον
577 2095 613 2161 αὶ
626 2091 916 2180 καλλωπιζόμεναι
927 2096 983 2162 καί
996 2091 1217 2180 κοσμούμεναι
1230 2101 1375 2182 γυναῖκες
1385 2091 1420 2160 ἐν

279 2206 353 2293 ι’δίμ
368 2202 461 2296 χώρᾳ
475 2202 558 2296 into
575 2210 633 2296 τῆς
648 2210 704 2276 τύν
718 2206 752 2274 ἐν
768 2207 860 2292 μέσῳ
877 2210 934 2296 τῆς
945 2207 1175 2292 αἰχμαλωσίας
1187 2210 1251 2275 ταῖν
1263 2200 1420 2296 ἀδελφῶν

278 2311 387 2384 αύτιύν
409 2320 717 2408 σιδηροφορουσῶν,
740 2311 837 2388 αύιαι
860 2314 1003 2386 ἐνώπιον
1026 2313 1131 2387 αύσών
1153 2319 1419 2410 χοινσοφομούσαι
1489 2394 1494 2397 ,

212 2452 220 2458 ’
280 2429 336 2496 καί
371 2424 417 2520 μὴ
449 2412 692 2514 αἰσχυνόμεναι.
747 2432 819 2498 Καὶ
853 2434 946 2499 πᾶσιν
986 2430 1022 2498 δὲ
1061 2425 1326 2526 ι’ύλληάμαριία
1362 2433 1419 2499 καί

279 2536 434 2630 σπατάλη
457 2543 512 2608 καί
535 2538 663 2632 τρυφὴ,
694 2535 731 2631 ἢν
760 2546 917 2628 ποιοῦμεν
939 2539 973 2608 ἐν
995 2541 1085 2628 μέσῳ
1108 2545 1165 2631 τῆς
1187 2542 1420 2627 αἰχμαλωσίας
1478 2525 1481 2532 ¹

279 2649 386 2734 ὄντες,
417 2653 628 2743 χαλεπωτέρα
650 2652 741 2722 ἐστίν
771 2646 854 2746 ὑπὲρ
887 2649 944 2743 τῆς
978 2647 1117 2738 ἀνομίας
1149 2657 1214 2722 τών
1245 2653 1280 2720 ἐν
1311 2647 1419 2724 uiatore

278 2759 382 2832 ὄντων
404 2764 459 2830 καί
482 2756 765 2853 άμαμσανόνσωνθ.
796 2768 883 2832 Puto
905 2775 1026 2852 autem,
1048 2769 1100 2834 his
1121 2768 1232 2834 verbis
1253 2771 1418 2855 respicere
1497 2755 1504 2817 Ᾰ

1138 3021 1141 3028 .

277 3162 379 3212 Histor.
398 3165 563 3228 universam,
581 3165 696 3228 quaein
715 3163 817 3230 Augila
832 3164 942 3230 prodiit,
960 3167 987 3216 in
1005 3167 1129 3216 versione
1147 3162 1273 3216 German.
1292 3169 1358 3217 tum.
1375 3167 1416 3217 18.

277 3256 366 3307 Halae
385 3258 461 3307 1764.
479 3255 516 3311 αδ
533 3272 559 3306 a.
578 3259 629 3308 648
647 3262 676 3308 et
693 3259 758 3322 8063
778 3258 813 3308 cf.
833 3261 914 3308 etiam
932 3272 1016 3324 supra
1034 3273 1096 3324 pag.
1116 3260 1157 3312 72.

348 3376 369 3444 ¹)
389 3377 440 3427 col.
461 3376 511 3428 746
535 3376 574 3427 A:
601 3373 674 3441 „itui
698 3385 758 3449 χοῦν
781 3371 831 3448 πρὸ
857 3371 947 3450 ιἰλίχων
969 3374 1068 3450 χρύνιυν
1090 3373 1348 3452 παραγινόμενος-είς
1371 3377 1416 3456 τὴν

276 3469 364 3544 νικμάν
382 3467 509 3523 θάλασσαν
527 3467 561 3528 τίς
578 3467 610 3522 τά
628 3470 691 3545 μέρη
711 3471 825 3544 Ζωημῶν
843 3467 884 3522 καί
898 3467 1076 3544 Τιτρατιυρίας,
1095 3468 1155 3524 ἔνθα
1172 3469 1280 3544 χαλεποί
1296 3491 1358 3530 τινες
1375 3469 1416 3526 καὶ

277 3561 428 3639 φθοροποιοί
445 3562 486 3618 καί
503 3564 638 3623 καυσώδιις
660 3563 702 3617 καὶ
726 3561 845 3640 σηπτιποὶ
867 3560 923 3618 καθ’
942 3559 1076 3642 ὁμοιότητα
1094 3563 1196 3640 Κύπρου
1220 3566 1370 3642 τυγχάνουσι
1393 3563 1417 3620 οἷ

276 3657 360 3734 άίρες,
386 3661 460 3732 σῦρον
478 3658 602 3717 πάντας
618 3658 689 3717 τούς
708 3657 938 3735 αἰχμαλώτους
955 3673 1004 3713 τῶν
1022 3659 1086 3713 κατά
1104 3672 1204 3733 σαπρῶν
1227 3671 1270 3714 τοῦ
1296 3657 1416 3736 δημοσίου

276 3750 450 3826 Κυπρίους
466 3745 751 3828 τυχχάνοντας··κάμοῡ
769 3753 942 3825 θαυμάσαντος
958 3752 1001 3808 καί
1018 3753 1062 3831 τὴν
1081 3753 1159 3809 αἰτίαν
1185 3753 1369 3832 ἐρωτήσαντος,
1394 3752 1417 3808 οἱ

171 3865 176 3872 ’
275 3847 307 3901 τά
323 3844 413 3901 αύτύθι
428 3845 602 3924 διαστήσαντας,
620 3847 711 3924 ταύτην
730 3847 793 3923 τιμάς
812 3868 841 3923 με
859 3847 903 3925 τὴν
923 3847 1051 3923 άπύκριπιν
1070 3848 1211 3916 δεδώκασιν,
1231 3845 1270 3904 δτι
1289 3845 1318 3902 ού
1334 3870 1415 3925 προσ-

276 3935 390 4014 δίχονται
413 3939 437 3994 σί
462 3941 570 3996 ἐνταῦθα
593 3941 664 4016 άίρις
688 3940 760 4017 ίτιρα
785 3941 901 4018 σώματα,
926 3942 947 3997 τί
972 3942 1004 4022 μὴ
1029 3943 1060 3998 τά
1085 3941 1134 3997 άπὸ
1154 3943 1266 4018 Κύπρου.
1302 3943 1350 3998 Καὶ
1368 3944 1415 4020 γὰρ

275 4033 409 4103 πολλάκις,
434 4033 502 4110 φασὶ,
528 4034 680 4111 πεμφθέντες
702 4036 752 4090 ώδι
771 4036 798 4090 ἐκ
817 4035 943 4112 διαφύρων
961 4051 1054 4113 χωρῶν
1073 4037 1227 4114 αἰχμάλωτοι
1245 4038 1313 4100 ίντος
1331 4035 1415 4118 ὀλὶχου

275 4128 369 4205 χρύνου
389 4129 535 4206 ἐφθάρησαν
551 4129 593 4185 καὶ
611 4129 766 4186 άπίθαναν.“

343 4253 367 4320 ¹)
385 4269 448 4320 pag.
468 4257 510 4306 69.

344 4375 366 4442 ⁸)
385 4376 436 4438 Qu.
456 4377 514 4428 123.
534 4382 588 4428 eet:
608 4374 728 4452 ,Ἐπιιδίχ
752 4371 850 4450 δρῶμέν
871 4396 938 4438 τινας
961 4373 1002 4430 καί
1027 4375 1053 4432 ὲν
1075 4375 1236 4454 αι’χμαλοισύᾳ
1255 4375 1415 4454 ὑπαρχούσας

275 4467 365 4528 δούλας
383 4468 617 4546 παριξιρχομίνας,
636 4467 659 4525 τί
677 4467 727 4547 χρὴ
747 4467 804 4545 περὶ
823 4467 905 4525 αὐτῶν
923 4470 1044 4548 λίχιιν;“.
