3225 5217
1251 525 1312 588 127

177 699 362 784 significant
374 699 473 764 etiam
485 703 640 780 quattuor
652 693 897 782 Errangelistas,
922 696 1319 780 err-qmbusMauhacum

177 829 326 879 sermone
363 809 530 877 Hebraico
569 810 744 892 scripsisse
782 808 883 888 dicit,
933 810 1072 894 ejusque
1112 809 1319 894 evangelium

176 914 332 1008 postea'a
343 921 435 986 Luce
455 920 603 987 etPaulc
613 923 651 984 ‘in
665 939 783 986 vocem
799 919 961 984 Graecam
980 921 1173 986 translatum
1192 943 1266 987 esse
1282 922 1317 1006 ¹).

260 1035 424 1116 Loquitur
447 1034 544 1096 etiam
568 1031 610 1096 de
627 1029 833 1095 Antichristo
856 1032 907 1095 his
929 1032 1057 1096 verbis:
1079 1032 1199 1113 „Quod
1216 1032 1319 1097 Anti·-

177 1146 316 1210 christus
333 1148 377 1210 sit
395 1143 540 1210 calcanei
560 1143 615 1208 ille
634 1144 830 1208 observator
845 1151 881 1208 et
895 1153 1089 1229 persecutor
1100 1144 1236 1228 (Gen.3,
1251 1148 1317 1228 15),

175 1260 247 1342 ipse
267 1279 327 1322 nos
348 1256 570 1324 docetMoses
592 1259 625 1318 in
647 1255 711 1319 hcc
734 1256 809 1320 loco
821 1255 973 1335 Genesis,
996 1256 1123 1323 leonem
1146 1258 1317 1342 appellans

175 1368 341 1434 Christum
373 1371 406 1432 in
434 1366 716 1432 benedictionibus
745 1367 882 1432 Jacobir
922 1367 1062 1448 „Catule
1091 1369 1195 1434 leonis
1217 1369 1317 1452 duda,

175 1503 222 1546 ex·
247 1484 409 1566 germine,
439 1481 570 1560 filimi,
601 1479 779 1548 ascendisti
790 1482 810 1516 “
820 1478 863 1562 ²),
897 1489 932 1546 et
961 1500 1047 1563 qnae
1075 1481 1232 1566 deinceps
1259 1505 1318 1548 se-

175 1600 327 1676 quuntur.
382 1591 420 1659 In
458 1593 716 1658 Deuteronomio
758 1601 868 1664 autem
880 1591 924 1676 ³),
963 1596 997 1656 in
1034 1594 1317 1665 benedictionibus
1354 1603 1356 1606 ’

174 1704 298 1786 Masis,
327 1724 409 1786 quas
437 1703 603 1788 praedixit
626 1703 799 1770 duodecim
821 1704 988 1788 tribubus,
1016 1714 1171 1789 tanquam
1194 1705 1319 1773 Christi

174 1805 396 1880 adversarium
433 1813 644 1880 introducens
681 1815 918 1880 Antichristum
957 1817 1150 1902 prophetice
1185 1818 1317 1884 divinus

174 1929 302 2008 Moses,
333 1927 482 1994 similiter
511 1930 608 1992 etiam
636 1930 743 2014 ipsum
771 1929 919 2013 appellat
941 1929 1085 1994 catulum
1106 1929 1227 2013 leonis,
1254 1953 1316 1995 nos

173 2039 295 2106 docens
329 2049 363 2104 et
395 2039 515 2105 tribum
549 2047 583 2104 et
615 2039 739 2120 locum,
772 2039 860 2104 unde
891 2049 1055 2106 nascetur.
1113 2042 1196 2108 Cum
1229 2044 1316 2106 enim

172 2155 319 2218 venisset
338 2151 382 2216 ad
404 2151 609 2236 prophetiam
639 2151 744 2216 tribus
766 2152 857 2234 Dan,
887 2142 983 2217 dicit:
1023 2151 1183 2233 „Catulus
1210 2155 1316 2220 leonis

172 2264 258 2346 Dan,
281 2272 316 2328 et
337 2262 470 2328 exsiliet
492 2284 537 2328 ex
555 2263 692 2328 Basan“
704 2262 742 2347 ⁴).
784 2263 896 2332 Basan
916 2275 1027 2330 autern
1048 2263 1182 2348 quidam
1204 2266 1324 2331 dicunt

174 2373 499 2460 esseScytbopclim,
523 2395 608 2458 quae
632 2383 683 2440 est
700 2378 886 2460 propinqua
900 2374 1084 2442 Galilaeae:
1107 2377 1196 2442 unde
1216 2380 1316 2442 etiam
1401 2433 1413 2446 .

174 2486 325 2553 Christus
347 2489 510 2571 processit
538 2487 716 2554 secundum
744 2487 920 2572 seruech.
963 2489 1090 2553 Locum
1117 2499 1227 2554 autem
1255 2490 1319 2554 tibi

173 2619 259 2664 nunc
274 2595 418 2686 ostendit
433 2599 628 2668 Antichristi
643 2603 843 2682 necessario,
864 2601 1028 2665 undenam
1046 2601 1168 2666 habeat
1189 2603 1317 2666 exitum

174 2719 208 2776 et
228 2721 366 2778 motum:
389 2712 656 2796 quandoquidem
678 2722 755 2778 ants
778 2714 851 2798 ejus
871 2712 1049 2778 adventurn
1071 2714 1143 2797 ejus
1162 2713 1320 2798 deceptio

170 2823 291 2888 multos
312 2823 460 2890 homines
482 2827 701 2908 praeveniens
723 2824 865 2908 decepit,
888 2823 1035 2890 dieentes
1058 2825 1148 2907 qnod
1166 2845 1210 2889 ex
1227 2844 1316 2908 quo-

171 2933 246 3002 dem
268 2956 355 3020 pago
377 2935 545 3002 Leuchusi
565 2944 721 3002 nascetur
742 2935 975 3002 Antichristus.
1018 2936 1083 3000 Hie
1112 2945 1223 3000 autern
1250 2937 1316 3000 init

170 3054 262 3112 astus
292 3055 326 3112 et
355 3047 504 3114 machina
541 3047 681 3130 diaboli,
716 3057 753 3112 ut
783 3047 931 3114 homiues
964 3048 1051 3111 hunc
1085 3048 1314 3134 enAegypto

172 3166 405 3242 exspectantes
439 3159 577 3224 credant
610 3163 650 3224 et‘
678 3161 846 3244 excipiant
876 3159 976 3252 illum
1001 3161 1059 3243 qni
1090 3163 1236 3225 nascitur
1269 3181 1314 3223 ex

172 3267 336 3353 Galilaea,
365 3293 438 3337 enm
463 3281 620 3354 tanquam
649 3269 818 3337 Christum
846 3270 1023 3336 adorantes
1053 3272 1110 3354 qui
1136 3271 1233 3356 plane
1263 3280 1314 3336 cst

169 3381 286 3466 planus
309 3391 342 3446 et
355 3382 588 3450 Antichristus.
632 3383 752 3448 Restat
776 3404 855 3468 ergo
877 3392 914 3447 nt
935 3405 997 3448 nos
1021 3404 1065 3448 ex
1085 3381 1205 3447 Jacobi
1227 3403 1313 3467 quo·

171 3514 236 3576 que
257 3494 535 3578 praedictionibus
558 3504 776 3581 congruenter
798 3495 1024 3579 ostendamus,
1054 3517 1098 3560 ex
1127 3493 1216 3560 tribn
1238 3493 1314 3561 Dan

170 3605 351 3690 procedere
372 3605 610 3672 Antichristnm
633 3614 667 3672 et
689 3614 876 3692 serpentem
897 3605 1101 3672 mordentem
1124 3606 1313 3672 calcaneum

171 3719 263 3800 equi,
287 3720 343 3802 qui
364 3719 411 3784 ita
432 3701 618 3804 appellatur
639 3727 676 3783 ut
697 3721 755 3802 qui
776 3739 862 3783 nunc
883 3721 916 3782 in
938 3717 1210 3803 paradisofnohis
1232 3739 1313 3803 pro-

1211 3910 1313 3919 ’,ι-.-

171 4053 310 4118 improbos
323 4051 463 4119 Assyrios.
494 4053 555 4104 Non
573 4056 706 4119 scriptum
724 4058 767 4105 est
785 4059 877 4105 autem
893 4069 1022 4118 magnum
1039 4053 1206 4118 Euphratem
1224 4070 1313 4119 neque

170 4150 295 4213 transire,
313 4163 401 4213 neque
419 4147 530 4213 vadere,
548 4163 636 4213 neque
656 4152 780 4214 circuire,
799 4147 849 4198 sed
867 4163 929 4199 esse
947 4149 1074 4199 stabilem
1092 4153 1123 4198 et
1138 4149 1312 4215 immobilem,

170 4246 268 4306 utqui
291 4257 398 4308 semper
422 4242 506 4294 dicat:
534 4241 606 4294 Ecce
624 4244 767 4295 vobiscum
794 4257 855 4292 sum
882 4243 1007 4293 omnibus
1036 4241 1133 4293 diebus
1163 4257 1250 4307 usque
1277 4243 1313 4295 ad

171 4340 432 4393 consummationem
460 4337 595 4390 saeculi.“
631 4338 695 4404 (col.
714 4339 764 4389 980
782 4335 826 4403 C.)

97 4414 99 4418 ’
240 4432 262 4500 ¹)
282 4433 333 4484 σοι.
352 4434 403 4486 ssa
420 4432 454 4484 Α.
508 4431 531 4498 ²>
551 4431 619 4484 een.
638 4435 680 4500 ac,
699 4434 723 4483 c.
777 4431 800 4499 ⁸)
818 4433 899 4484 nent.
918 4435 961 4500 aa,
982 4436 996 4485 1
1015 4449 1089 4501 seqq.
1143 4434 1165 4500 ⁴)
1185 4433 1250 4485 nra
1269 4435 1311 4485 ra.

242 4527 264 4594 ⁸)
283 4529 318 4578 ci.
337 4531 442 4593 quaest.
463 4529 504 4579 91.
524 4543 559 4580 cx
577 4528 644 4580 Bav.
665 4527 725 4580 cod.
744 4532 771 4580 in
790 4530 907 4595 append.
926 4530 1010 4596 hujus
1028 4544 1122 4596 opusc.
