3225 5217
1292 452 1333 515 39

108 671 113 675 .
193 619 270 683 Filii
291 620 357 683 Dei
379 622 533 704 apparuit
554 619 874 685 Nabuchodonosori
897 624 930 684 in
952 621 1086 686 fornace
1106 624 1211 709 ignis,
1243 630 1333 687 totus

192 734 295 795 totius
321 732 459 796 hominis
487 732 626 795 formam
659 753 738 816 prae
771 754 809 796 se
842 732 971 796 ferebat
989 732 1027 814 ¹),
1057 735 1173 818 igneus
1202 743 1236 797 et
1266 737 1335 819 igni

194 852 369 927 cognatus,
403 847 501 907 immo
534 852 623 907 totus
648 846 771 929 'igneus
805 851 963 927 totusque
995 843 1179 929 flammeus,
1219 848 1267 909 sic
1300 855 1334 911 et

194 954 317 1019 Christi
339 955 521 1019 humanitas
550 963 636 1035 erat,
666 964 737 1019 tota
764 976 825 1039 per
854 963 959 1019 totum
988 955 1158 1034 diuinitate
1187 957 1333 1040 perfusa,

92 1067 94 1071 ’
192 1067 378 1149 divinaque.
400 1075 434 1130 et
455 1067 529 1131 Deo
561 1076 711 1152 cognata.
754 1065 800 1129 Et
828 1066 1102 1149 quemadmodum
1137 1071 1166 1131 si
1199 1072 1272 1151 quis
1300 1072 1334 1131 iu

193 1179 360 1243 fornacem
373 1178 461 1242 illam
480 1181 660 1263 ingressus,
682 1179 949 1260 circumcidisset,
961 1187 1019 1243 aut
1029 1178 1133 1263 alapis
1150 1180 1334 1262 cecidisset,

192 1300 251 1353 aut
271 1293 448 1372 vinxisset,
478 1299 535 1353 aut
564 1290 778 1371 totondisset,
808 1298 866 1354 aut
887 1291 1109 1355 transfixisset-
1138 1292 1243 1371 iilum,
1277 1293 1334 1375 qui

192 1405 224 1465 in
256 1403 361 1465 forma
389 1402 466 1465 Filii
497 1404 560 1467 Dei
596 1403 795 1487 apparebat3
829 1404 940 1487 ignem
968 1423 1176 1485 nequaquam
1205 1402 1248 1465 ab
1277 1402 1333 1466 ilio

191 1522 395 1597 separasset,
424 1522 481 1575 aut
505 1515 720 1595 extinxisset,
750 1534 791 1577 eo
814 1514 904 1596 quod
933 1522 1022 1577 totus
1052 1535 1112 1599 per
1133 1523 1238 1577 totum
1261 1536 1334 1589 cum

190 1627 268 1708 igne
301 1628 411 1689 unitus
444 1624 561 1705 fuerit,
597 1627 644 1687 sic
677 1634 711 1687 et
741 1646 761 1687 a
799 1624 932 1688 Christo
961 1625 1046 1687 Filio
1074 1626 1156 1707 Dei,
1190 1647 1233 1691 ex
1267 1647 1333 1710 quo

191 1736 328 1821 augelus
360 1734 405 1799 ad
437 1736 576 1799 Mariam
608 1735 708 1800 dixit:
750 1736 853 1817 ,Ave
883 1739 991 1822 gratia
1018 1736 1137 1820 plena,
1171 1738 1332 1801 Dominus

191 1854 346 1927 tecum“,
369 1850 454 1931 ignis
478 1846 657 1911 divinitatis
680 1847 722 1911 ab
745 1847 946 1911 humanitate
968 1848 1059 1913 nulio
1081 1870 1224 1932 unquam
1246 1858 1333 1913 tem-

190 1982 273 2044 pore
296 1969 353 2023 aut
383 1960 450 2023 ulla
480 1962 513 2021 in
542 1980 579 2022 re
607 1966 779 2043 separatus
811 1968 879 2039 est,
911 1969 969 2022 aut
1002 1962 1100 2023 etiam
1131 1982 1272 2043 unquam
1299 1964 1333 2025 in

191 2092 320 2136 omnem
343 2074 572 2135 aeternitatem
595 2071 809 2155 separabitur.
852 2070 1020 2135 Confiteor
1048 2081 1223 2156 praeterea
1253 2094 1333 2137 sau·

191 2185 372 2247 ratissimum
385 2182 508 2247 Christi
520 2204 638 2266 corpus
655 2192 687 2245 et
699 2186 837 2246 animam
851 2183 957 2267 gloria
969 2192 1002 2246 et
1018 2184 1194 2267 splendore
1205 2192 1331 2247 tantum

191 2294 388 2359 antecedere
411 2304 541 2359 nostras
562 2297 688 2357 animas
711 2303 745 2359 et
768 2316 922 2378 corpora,
946 2304 1102 2377 quantum
1125 2298 1254 2380 species
1276 2296 1333 2359 ilia

191 2409 224 2469 in
258 2408 383 2469 camino
416 2404 709 2493 ignisssplendore
743 2427 802 2469 suo
839 2406 1062 2491 exsuperabat
1090 2407 1155 2469 alia
1183 2427 1332 2491 corpora,

191 2538 276 2599 quae
300 2524 395 2581 extra
417 2518 585 2581 fornacem
608 2524 709 2582 erant.
746 2516 1110 2581 Undesacratissimam
1124 2519 1195 2602 ejus
1211 2539 1331 2601 corpus

191 2631 394 2695 nonrimmus
417 2628 573 2708 divinum,
597 2636 630 2693 et
653 2632 760 2691 omnia
783 2632 931 2712 corporis
954 2628 1083 2710 divina3
1117 2638 1150 2693 et
1171 2631 1330 2693 immacu-

191 2739 291 2803 latam
316 2741 386 2824 ejus
415 2728 555 2803 animam
576 2741 651 2806 Deo
682 2750 871 2825 cognotam,
899 2749 933 2804 et
964 2743 1072 2803 omnia
1093 2761 1178 2823 quae
1205 2744 1333 2833 animae

192 2860 393 2935 competunt,
417 2850 543 2933 divina3
566 2861 599 2915 et
622 2852 716 2915 simul
741 2873 815 2915 curn
834 2852 906 2915 Deo
928 2855 1034 2914 unita:
1056 2860 1196 2934 utraque
1216 2862 1334 2916 natura

192 2965 411 3047 proprietates
433 2984 510 3027 suas
532 2967 566 3026 in
595 2985 659 3027 uua
683 2962 793 3025 divina
822 2984 964 3047 persona
992 2964 1181 3042 inconfuse,
1214 2966 1332 3026 immu-

192 3073 336 3137 tabiliter
349 3083 381 3137 et
393 3074 877 3139 indivisibiliterconservante:
894 3073 1166 3157 quemadmodum
1179 3095 1198 3136 a
1210 3056 1331 3138 sanctis

109 3161 119 3171 ’
192 3186 347 3249 Patribus
377 3186 530 3270 religiose
560 3186 714 3249 traditum
744 3194 803 3249 est.
849 3184 1017 3250 Confiteor
1047 3188 1161 3266 etiam,
1193 3188 1332 3249 animam

194 3305 228 3361 et
249 3318 370 3382 corpus
392 3318 477 3380 quae
496 3297 608 3362 Verbo
630 3298 839 3382 hypostatice
861 3299 952 3361 unita
973 3305 1058 3376 sunt,
1081 3295 1193 3364 Venbo
1216 3297 1333 3382 subjici

191 3409 354 3493 simulque
384 3432 457 3473 cum
480 3410 628 3473 omnihus
660 3410 917 3493 proprietatibus
946 3410 1014 3472 suis
1044 3431 1064 3472 a
1087 3407 1199 3472 Verbo
1227 3412 1331 3493 magis

191 3524 261 3605 regi
284 3542 323 3585 ac
346 3520 439 3601 duci,
469 3540 568 3603 quam
597 3521 664 3584 ulla
687 3521 751 3583 alia
774 3529 925 3584 creatura
948 3519 1055 3583 eidem
1086 3520 1276 3605 subjiciatur
1298 3530 1332 3585 et

191 3633 233 3697 ab
257 3633 372 3697 eodem
396 3640 550 3718 regatur3
573 3654 645 3697 cum
668 3633 766 3717 longe
788 3634 910 3696 arctius
933 3653 1006 3696 cum
1025 3631 1136 3697 Verbo
1160 3633 1333 3718 conjuncta

191 3747 274 3828 sint,
296 3767 394 3828 quam
417 3746 503 3810 uliae
526 3746 610 3809 ahiae
633 3766 686 3810 res
710 3744 871 3809 creatae“.

277 3857 444 3941 Proposui
464 3857 524 3921 tibi
546 3856 721 3938 hactenus,
751 3858 856 3921 amice
884 3855 1006 3937 lector,
1038 3858 1134 3939 quasi
1162 3856 1332 3941 specuium

192 3967 358 4052 quoddam
387 3970 489 4031 totins
518 3970 627 4051 operis
660 3975 694 4031 et
723 3976 827 4031 totam
854 3987 941 4051 pene
975 3968 1045 4052 ejus
1079 3970 1197 4032 seriem
1230 3974 1331 4051 atque

192 4087 384 4143 contextum
412 4079 472 4143 tibi
502 4079 620 4143 evolvi.
663 4078 764 4143 Certe
796 4081 904 4142 omnia
930 4081 963 4142 in
991 4101 1089 4142 unum
1123 4078 1329 4162 eundemque
1424 4121 1429 4128 ι
