3225 5217
249 474 312 540 102

247 650 393 716 mulieris
431 647 612 736 cupiditate
643 649 836 729 tenebatur,
874 667 988 712 omnes
1019 669 1096 712 suas
1126 647 1304 726 facultates
1337 650 1390 714 in-

248 765 435 848 sumpserit,
463 783 530 846 quo
558 760 712 828 sordibus
745 762 816 847 ejas
844 764 1018 846 potiretur.
1062 761 1250 826 Timeamus
1271 763 1390 845 Deum,

249 875 366 940 saltem
388 875 535 940 atteras
558 883 593 938 et
615 874 753 939 catulos.
796 873 907 958 Saepe
939 877 1023 938 enim
1044 877 1222 960 contingit,
1255 883 1292 940 ut
1314 876 1390 940 dum

248 988 351 1072 aliqui
370 988 517 1053 furatum
537 985 698 1067 tendunt,
721 1007 820 1051 canes
843 986 1001 1052 latrantes
1023 986 1186 1068 audiant,
1205 987 1393 1072 pedemque-

251 1102 431 1186 evestigio
452 1098 613 1164 referente
634 1120 702 1162 uon
724 1101 841 1164 timore
853 1099 929 1180 Dei,
951 1098 1013 1164 scd
1031 1119 1157 1176 canum.
1180 1100 1391 1185 Quapropter

187 1255 197 1266 ·
249 1215 422 1276 timeamus
444 1211 560 1274 Deum.
593 1210 713 1276 Animo
726 1202 918 1275 'afficiamur
940 1212 1037 1275 sicuti
1059 1210 1214 1294 damnati,
1238 1214 1295 1295 qui
1316 1214 1391 1275 vin-

250 1324 332 1390 culis
348 1322 497 1389 adstricti
514 1344 645 1409 semper
662 1323 795 1388 solliciti
811 1331 887 1387 sunt
898 1323 1052 1408 plenique
1068 1326 1154 1388 curis
1174 1332 1207 1388 et
1219 1326 1391 1408 angustiis,

250 1439 473 1519 sciscitantes,
503 1435 710 1521 quandonam
733 1439 903 1519 quaesitor
925 1445 959 1500 et
977 1435 1084 1522 judex
1105 1445 1264 1500 venturus
1291 1437 1391 1520 ipsis-

251 1569 316 1633 que
337 1569 400 1634 pra
422 1547 578 1634 operibus
596 1547 741 1644 debitam
762 1547 949 1614 mercedem
971 1547 1199 1633 persoluturus
1221 1549 1274 1612 sit
1305 1546 1390 1612 Nam

251 1662 309 1746 qui
330 1659 515 1746 hujusmodi
538 1663 626 1726 curis
647 1652 722 1726 sese
752 1669 901 1746 occupat,
930 1663 959 1726 is
986 1659 1028 1724 ad
1057 1661 1231 1746 genuinam
1260 1660 1391 1724 humili-

250 1780 352 1838 tatem
373 1773 575 1882 provehitur.

628 2168 635 2174 ,
669 2081 890 2167 QUAESTJO
914 2082 976 2148 cn.

336 2221 511 2302 Quomodo
523 2221 770 2309 intelligendum
782 2223 880 2288 illud:
897 2223 980 2303 ,Qui
992 2223 1093 2289 habet
1104 2225 1257 2307 tunicam,
1269 2224 1393 2289 vendat
1457 2293 1460 2298 ,

249 2334 339 2400 illam
361 2342 397 2402 et
419 2343 509 2402 emat
527 2334 672 2421 gladium
681 2335 718 2398 ?“
736 2334 759 2418 ¹)
775 2339 781 2344 '
1314 2330 1316 2334 ’

732 2540 914 2626 Responsio.
1006 2541 1009 2546 ’

338 2672 425 2738 Dum
453 2672 614 2738 Dominus
643 2671 813 2757 discipulis
843 2675 910 2738 suis
932 2671 1136 2738 Judaeorum
1165 2672 1326 2761 aduersus
1357 2693 1394 2738 se

253 2786 503 2871 aggressionem
534 2791 569 2848 et
603 2786 851 2869 impressionem
881 2784 1040 2853 indicare*
1058 2784 1174 2867 vellet,
1211 2787 1396 2870 aenigmata

253 2894 396 2980 quodam
419 2895 521 2982 gladii
542 2895 577 2961 id
597 2897 687 2960 fecit
719 2895 805 2960 Nam
825 2917 897 2960 cum
909 2897 1063 2962 dixisset:
1089 2895 1393 2982 ,Ematgladium“,

237 3007 416 3075 subdidit:
454 3008 637 3090 „Quoniam
659 3007 767 3072 adhuc
789 3008 966 3106 hocquod
987 3010 1144 3094 scriptum
1168 3017 1236 3089 est,
1264 3017 1396 3093 oportet

252 3120 382 3206 impleri
413 3123 448 3184 in
479 3141 549 3186 me:
582 3119 628 3185 Et
656 3140 729 3184 aum
758 3123 878 3205 iniquis
909 3119 1086 3206 deputatus
1118 3121 1193 3186 est“
1212 3119 1248 3204 ¹²).
1291 3118 1395 3204 Igitur

252 3254 360 3318 neque
383 3235 513 3299 omnino
542 3233 714 3315 subticuit,
744 3255 786 3298 ne
814 3235 993 3317 improviso
1022 3235 1147 3318 impetu
1173 3231 1394 3313 turbarentur,

252 3365 360 3427 neque
372 3347 503 3410 omnino
522 3345 691 3430 patefecit,
714 3365 755 3410 ne
770 3345 949 3410 formidine
964 3344 1074 3428 aliqua
1091 3343 1347 3429 percellerentur
1358 3342 1394 3428 8).

252 3455 300 3522 At
322 3477 394 3521 cum
417 3456 570 3543 discipuli
588 3457 752 3522 dicerentz
777 3456 886 3541 ,Ecce
898 3457 964 3522 duo
976 3455 1077 3542 gladii
1092 3456 1178 3539 hie'“,
1199 3477 1261 3522 nec
1273 3457 1394 3522 dictum

254 3568 377 3634 Christi
399 3569 631 3655 intelligerent,
652 3567 824 3653 rospondit
833 3569 1009 3635 Dominus:
1035 3565 1143 3647 ,Satis
1156 3567 1238 3633 esth
1268 3569 1394 3646 Quam·-

254 3701 352 3765 quam
374 3683 455 3746 satis
476 3703 542 3746 non
564 3691 655 3764 erat3
679 3701 755 3747 num
777 3683 805 3746 si
828 3681 969 3746 humana
991 3702 1055 3766 ope
1077 3682 1126 3744 uti
1147 3679 1325 3762 voluisset,
1352 3700 1394 3743 ne

253 3916 563 3926 m
567 3917 1268 3928 ffl-—lffla-umn——-
1272 3918 1288 3922 .-.
1292 3917 1360 3924 mna-1
1364 3916 1392 3923 ν»-

323 4081 346 4147 ¹)
364 4081 431 4131 Luc.
451 4082 498 4147 22,
516 4083 559 4131 36.
694 4071 698 4077 ’
905 4078 927 4144 ²)
947 4077 1011 4128 ibid.
1030 4081 1071 4130 37.

324 4198 346 4269 l)
365 4201 514 4266 Hucusque
539 4205 670 4266 excerpta
695 4205 787 4250 exstat
814 4199 883 4250 haec
907 4202 1031 4264 quaestio
1055 4201 1125 4249 inter
1146 4199 1227 4250 Dicta
1251 4204 1278 4249 et
1300 4199 1393 4249 Inter-

253 4300 423 4364 pretatlones
445 4297 637 4362 parabolarum
655 4296 798 4360 Evangelii
817 4293 844 4346 S.
863 4293 1015 4344 Athanasio
1041 4296 1161 4357 ascripta
1184 4295 1234 4344 sub
1258 4309 1331 4342 num.
1351 4295 1392 4344 33.

255 4391 334 4459 (Vid.
353 4405 416 4458 opp.
435 4390 462 4443 S.
481 4391 581 4442 Athau.
613 4391 700 4443 Paris.
727 4395 783 4441 tom
801 4389 836 4440 11.
855 4403 881 4454 p.
901 4387 979 4454 bib.)
1014 4389 1114 4439 Exstat
1137 4391 1218 4438 etiam
1243 4390 1348 4454 integra
1365 4391 1393 4438 in

254 4488 315 4540 eod.
332 4488 401 4541 Bav.
420 4503 492 4540 num.
511 4489 553 4540 68.
