<?xml version="1.0" encoding="UTF-8"?>
<!DOCTYPE html PUBLIC "-//W3C//DTD XHTML 1.0 Transitional//EN"
    "http://www.w3.org/TR/xhtml1/DTD/xhtml1-transitional.dtd">
<html xmlns="http://www.w3.org/1999/xhtml" xml:lang="en" lang="en">
 <head>
  <title>
</title>
<meta http-equiv="Content-Type" content="text/html;charset=utf-8" />
  <meta name='ocr-system' content='tesseract 3.04.00' />
  <meta name='ocr-capabilities' content='ocr_page ocr_carea ocr_par ocr_line ocrx_word'/>
</head>
<body>
  <div class='ocr_page' id='page_1' title='image "./deanastasiosina00kumpgoog_0143.png"; bbox 0 0 3225 5217; ppageno 0'>
   <div class='ocr_carea' id='block_1_1' title="bbox 1278 523 1340 589">
    <p class='ocr_par' dir='ltr' id='par_1_1' title="bbox 1278 523 1340 589">
     <span class='ocr_line' id='line_1_1' title="bbox 1278 523 1340 589; baseline -0.032 0"><span class='ocrx_word' id='word_1_1' title='bbox 1278 523 1340 589; x_wconf 76' lang='lat'><strong>117</strong></span> 
     </span>
    </p>
   </div>
   <div class='ocr_carea' id='block_1_2' title="bbox 149 695 1353 3803">
    <p class='ocr_par' dir='ltr' id='par_1_2' title="bbox 149 695 1353 3803">
     <span class='ocr_line' id='line_1_2' title="bbox 200 695 1341 785; baseline -0.004 -19"><span class='ocrx_word' id='word_1_2' title='bbox 200 697 367 784; x_wconf 84' lang='lat' dir='ltr'><strong>Spiritum,</strong></span> <span class='ocrx_word' id='word_1_3' title='bbox 390 701 446 782; x_wconf 88' lang='lat' dir='ltr'><strong>qui</strong></span> <span class='ocrx_word' id='word_1_4' title='bbox 468 700 641 785; x_wconf 75' lang='lat' dir='ltr'><strong>cognoscit</strong></span> <span class='ocrx_word' id='word_1_5' title='bbox 663 700 762 762; x_wconf 89' lang='lat' dir='ltr'><strong>etiam</strong></span> <span class='ocrx_word' id='word_1_6' title='bbox 784 695 950 782; x_wconf 78' lang='lat' dir='ltr'><strong>profunda</strong></span> <span class='ocrx_word' id='word_1_7' title='bbox 970 698 1057 763; x_wconf 55' lang='grc' dir='ltr'><strong>Ποῖιι</strong></span> <span class='ocrx_word' id='word_1_8' title='bbox 1074 696 1107 782; x_wconf 83' lang='grc'><strong>1).</strong></span> <span class='ocrx_word' id='word_1_9' title='bbox 1141 696 1341 782; x_wconf 77' lang='lat' dir='ltr'><strong>conjicimus</strong></span> 
     </span>
     <span class='ocr_line' id='line_1_3' title="bbox 200 799 1340 898; baseline 0.001 -22"><span class='ocrx_word' id='word_1_10' title='bbox 200 832 296 898; x_wconf 87' lang='lat' dir='ltr'><strong>ergo,</strong></span> <span class='ocrx_word' id='word_1_11' title='bbox 318 814 486 894; x_wconf 89' lang='lat' dir='ltr'><strong>inquiunt,</strong></span> <span class='ocrx_word' id='word_1_12' title='bbox 508 831 553 875; x_wconf 84' lang='lat' dir='ltr'><strong>cx</strong></span> <span class='ocrx_word' id='word_1_13' title='bbox 575 809 674 875; x_wconf 87' lang='lat' dir='ltr'><strong>rebus</strong></span> <span class='ocrx_word' id='word_1_14' title='bbox 698 817 732 874; x_wconf 91' lang='lat' dir='ltr'><strong>et</strong></span> <span class='ocrx_word' id='word_1_15' title='bbox 755 808 865 875; x_wconf 88' lang='lat' dir='ltr'><strong>verbis</strong></span> <span class='ocrx_word' id='word_1_16' title='bbox 886 810 951 874; x_wconf 87' lang='lat' dir='ltr'><strong>Dei</strong></span> <span class='ocrx_word' id='word_1_17' title='bbox 974 819 1009 876; x_wconf 88' lang='lat' dir='ltr'><strong>et</strong></span> <span class='ocrx_word' id='word_1_18' title='bbox 1030 799 1231 895; x_wconf 79' lang='lat' dir='ltr'><strong>Scripturas,</strong></span> <span class='ocrx_word' id='word_1_19' title='bbox 1254 831 1340 894; x_wconf 87' lang='lat' dir='ltr'><strong>quae</strong></span> 
     </span>
     <span class='ocr_line' id='line_1_4' title="bbox 200 921 1340 1008; baseline 0 -20"><span class='ocrx_word' id='word_1_20' title='bbox 200 923 242 988; x_wconf 92' lang='lat' dir='ltr'><strong>de</strong></span> <span class='ocrx_word' id='word_1_21' title='bbox 265 925 543 989; x_wconf 76' lang='lat' dir='ltr'><strong>consummatione</strong></span> <span class='ocrx_word' id='word_1_22' title='bbox 565 921 654 986; x_wconf 88' lang='lat' dir='ltr'><strong>diota</strong></span> <span class='ocrx_word' id='word_1_23' title='bbox 683 931 759 987; x_wconf 89' lang='lat' dir='ltr'><strong>sunt</strong></span> <span class='ocrx_word' id='word_1_24' title='bbox 781 924 1006 1008; x_wconf 85' lang='lat' dir='ltr'><strong>aenigmatice</strong></span> <span class='ocrx_word' id='word_1_25' title='bbox 1036 933 1070 988; x_wconf 91' lang='lat' dir='ltr'><strong>ct</strong></span> <span class='ocrx_word' id='word_1_26' title='bbox 1100 923 1246 1006; x_wconf 87' lang='lat' dir='ltr'><strong>occulte;</strong></span> <span class='ocrx_word' id='word_1_27' title='bbox 1280 923 1340 988; x_wconf 92' lang='lat' dir='ltr'><strong>sed</strong></span> 
     </span>
     <span class='ocr_line' id='line_1_5' title="bbox 199 1035 1340 1120; baseline -0.003 -18"><span class='ocrx_word' id='word_1_28' title='bbox 199 1058 313 1102; x_wconf 88' lang='lat' dir='ltr'><strong>verum</strong></span> <span class='ocrx_word' id='word_1_29' title='bbox 336 1039 461 1101; x_wconf 86' lang='lat' dir='ltr'><strong>exitum</strong></span> <span class='ocrx_word' id='word_1_30' title='bbox 483 1045 518 1100; x_wconf 90' lang='lat' dir='ltr'><strong>et</strong></span> <span class='ocrx_word' id='word_1_31' title='bbox 538 1035 636 1100; x_wconf 83' lang='lat' dir='ltr'><strong>finem</strong></span> <span class='ocrx_word' id='word_1_32' title='bbox 659 1035 782 1100; x_wconf 92' lang='lat' dir='ltr'><strong>saeculi</strong></span> <span class='ocrx_word' id='word_1_33' title='bbox 805 1035 895 1099; x_wconf 92' lang='lat' dir='ltr'><strong>solus</strong></span> <span class='ocrx_word' id='word_1_34' title='bbox 914 1037 977 1100; x_wconf 88' lang='lat' dir='ltr'><strong>scit</strong></span> <span class='ocrx_word' id='word_1_35' title='bbox 998 1035 1139 1101; x_wconf 82' lang='lat' dir='ltr'><strong>Creator</strong></span> <span class='ocrx_word' id='word_1_36' title='bbox 1155 1043 1340 1120; x_wconf 87' lang='lat' dir='ltr'><strong>temporum</strong></span> 
     </span>
     <span class='ocr_line' id='line_1_6' title="bbox 200 1141 1339 1233; baseline -0.003 -20"><span class='ocrx_word' id='word_1_37' title='bbox 200 1157 234 1214; x_wconf 91' lang='lat' dir='ltr'><strong>et</strong></span> <span class='ocrx_word' id='word_1_38' title='bbox 255 1152 493 1213; x_wconf 87' lang='lat' dir='ltr'><strong>universorum.</strong></span> <span class='ocrx_word' id='word_1_39' title='bbox 537 1147 699 1226; x_wconf 86' lang='lat' dir='ltr'><strong>Quoniam</strong></span> <span class='ocrx_word' id='word_1_40' title='bbox 722 1141 833 1212; x_wconf 84' lang='lat' dir='ltr'><strong>autem</strong></span> <span class='ocrx_word' id='word_1_41' title='bbox 861 1145 940 1210; x_wconf 90' lang='lat' dir='ltr'><strong>nihil</strong></span> <span class='ocrx_word' id='word_1_42' title='bbox 970 1155 1023 1211; x_wconf 86' lang='lat' dir='ltr'><strong>est</strong></span> <span class='ocrx_word' id='word_1_43' title='bbox 1050 1146 1136 1212; x_wconf 90' lang='lat' dir='ltr'><strong>adeo</strong></span> <span class='ocrx_word' id='word_1_44' title='bbox 1158 1146 1339 1233; x_wconf 83' lang='lat' dir='ltr'><strong>jucundum</strong></span> 
     </span>
     <span class='ocr_line' id='line_1_7' title="bbox 199 1258 1339 1342; baseline -0.001 -18"><span class='ocrx_word' id='word_1_45' title='bbox 199 1259 401 1341; x_wconf 90' lang='lat' dir='ltr'><strong>hominibus,</strong></span> <span class='ocrx_word' id='word_1_46' title='bbox 425 1268 459 1324; x_wconf 90' lang='lat' dir='ltr'><strong>ct</strong></span> <span class='ocrx_word' id='word_1_47' title='bbox 480 1262 624 1323; x_wconf 88' lang='lat' dir='ltr'><strong>maxime</strong></span> <span class='ocrx_word' id='word_1_48' title='bbox 645 1262 678 1322; x_wconf 87' lang='lat' dir='ltr'><strong>ia</strong></span> <span class='ocrx_word' id='word_1_49' title='bbox 702 1259 820 1342; x_wconf 91' lang='lat' dir='ltr'><strong>quibus</strong></span> <span class='ocrx_word' id='word_1_50' title='bbox 843 1259 970 1324; x_wconf 84' lang='lat' dir='ltr'><strong>habitat</strong></span> <span class='ocrx_word' id='word_1_51' title='bbox 995 1259 1155 1322; x_wconf 80' lang='lat' dir='ltr'><strong>lasciuum</strong></span> <span class='ocrx_word' id='word_1_52' title='bbox 1185 1258 1339 1341; x_wconf 86' lang='lat' dir='ltr'><strong>invidiae,</strong></span> 
     </span>
     <span class='ocr_line' id='line_1_8' title="bbox 198 1371 1339 1456; baseline -0.003 -20"><span class='ocrx_word' id='word_1_53' title='bbox 198 1381 298 1455; x_wconf 91' lang='lat' dir='ltr'><strong>atque</strong></span> <span class='ocrx_word' id='word_1_54' title='bbox 321 1371 519 1437; x_wconf 77' lang='lat' dir='ltr'><strong>maledicere</strong></span> <span class='ocrx_word' id='word_1_55' title='bbox 543 1380 576 1435; x_wconf 90' lang='lat' dir='ltr'><strong>et</strong></span> <span class='ocrx_word' id='word_1_56' title='bbox 598 1371 706 1436; x_wconf 87' lang='lat' dir='ltr'><strong>aliena</strong></span> <span class='ocrx_word' id='word_1_57' title='bbox 729 1379 901 1452; x_wconf 81' lang='lat' dir='ltr'><strong>evertere,</strong></span> <span class='ocrx_word' id='word_1_58' title='bbox 929 1374 961 1435; x_wconf 90' lang='lat' dir='ltr'><strong>in</strong></span> <span class='ocrx_word' id='word_1_59' title='bbox 984 1371 1161 1456; x_wconf 86' lang='lat' dir='ltr'><strong>perniciem</strong></span> <span class='ocrx_word' id='word_1_60' title='bbox 1184 1380 1218 1436; x_wconf 92' lang='lat' dir='ltr'><strong>ct</strong></span> <span class='ocrx_word' id='word_1_61' title='bbox 1240 1391 1339 1435; x_wconf 88' lang='lat' dir='ltr'><strong>ever-</strong></span> 
     </span>
     <span class='ocr_line' id='line_1_9' title="bbox 195 1481 1339 1565; baseline -0.003 -18"><span class='ocrx_word' id='word_1_62' title='bbox 195 1486 322 1548; x_wconf 90' lang='lat' dir='ltr'><strong>sionem</strong></span> <span class='ocrx_word' id='word_1_63' title='bbox 345 1482 547 1548; x_wconf 76' lang='lat' dir='ltr'><strong>auditotum:</strong></span> <span class='ocrx_word' id='word_1_64' title='bbox 582 1491 616 1546; x_wconf 91' lang='lat' dir='ltr'><strong>et</strong></span> <span class='ocrx_word' id='word_1_65' title='bbox 637 1490 730 1564; x_wconf 87' lang='lat' dir='ltr'><strong>sunt,</strong></span> <span class='ocrx_word' id='word_1_66' title='bbox 757 1491 794 1546; x_wconf 92' lang='lat' dir='ltr'><strong>ut</strong></span> <span class='ocrx_word' id='word_1_67' title='bbox 817 1491 869 1548; x_wconf 90' lang='lat' dir='ltr'><strong>est</strong></span> <span class='ocrx_word' id='word_1_68' title='bbox 890 1483 1084 1565; x_wconf 89' lang='lat' dir='ltr'><strong>verisimile,</strong></span> <span class='ocrx_word' id='word_1_69' title='bbox 1115 1481 1261 1547; x_wconf 89' lang='lat' dir='ltr'><strong>nonnulli</strong></span> <span class='ocrx_word' id='word_1_70' title='bbox 1283 1501 1339 1545; x_wconf 90' lang='lat' dir='ltr'><strong>re-</strong></span> 
     </span>
     <span class='ocr_line' id='line_1_10' title="bbox 197 1593 1339 1681; baseline 0 -23"><span class='ocrx_word' id='word_1_71' title='bbox 197 1596 391 1681; x_wconf 89' lang='lat' dir='ltr'><strong>prehensuri</strong></span> <span class='ocrx_word' id='word_1_72' title='bbox 414 1594 572 1660; x_wconf 86' lang='lat' dir='ltr'><strong>calculum</strong></span> <span class='ocrx_word' id='word_1_73' title='bbox 598 1603 631 1658; x_wconf 85' lang='lat' dir='ltr'><strong>et</strong></span> <span class='ocrx_word' id='word_1_74' title='bbox 653 1615 824 1659; x_wconf 84' lang='lat' dir='ltr'><strong>numerum</strong></span> <span class='ocrx_word' id='word_1_75' title='bbox 845 1614 1013 1675; x_wconf 87' lang='lat' dir='ltr'><strong>annorum,</strong></span> <span class='ocrx_word' id='word_1_76' title='bbox 1036 1615 1120 1678; x_wconf 90' lang='lat' dir='ltr'><strong>quos</strong></span> <span class='ocrx_word' id='word_1_77' title='bbox 1140 1593 1283 1658; x_wconf 78' lang='lat' dir='ltr'><strong>diximus</strong></span> <span class='ocrx_word' id='word_1_78' title='bbox 1303 1597 1339 1658; x_wconf 91' lang='lat' dir='ltr'><strong>iu</strong></span> 
     </span>
     <span class='ocr_line' id='line_1_11' title="bbox 198 1705 1338 1791; baseline -0.004 -18"><span class='ocrx_word' id='word_1_79' title='bbox 198 1729 260 1773; x_wconf 86' lang='lat' dir='ltr'><strong>sex</strong></span> <span class='ocrx_word' id='word_1_80' title='bbox 282 1709 480 1791; x_wconf 86' lang='lat' dir='ltr'><strong>vespertinis</strong></span> <span class='ocrx_word' id='word_1_81' title='bbox 501 1707 704 1791; x_wconf 85' lang='lat' dir='ltr'><strong>crepusculis</strong></span> <span class='ocrx_word' id='word_1_82' title='bbox 728 1715 762 1772; x_wconf 90' lang='lat' dir='ltr'><strong>et</strong></span> <span class='ocrx_word' id='word_1_83' title='bbox 782 1705 982 1771; x_wconf 80' lang='lat' dir='ltr'><strong>meridiebus</strong></span> <span class='ocrx_word' id='word_1_84' title='bbox 1003 1727 1162 1770; x_wconf 90' lang='lat' dir='ltr'><strong>annorum</strong></span> <span class='ocrx_word' id='word_1_85' title='bbox 1184 1705 1338 1770; x_wconf 88' lang='lat' dir='ltr'><strong>millena-</strong></span> 
     </span>
     <span class='ocr_line' id='line_1_12' title="bbox 197 1817 1338 1903; baseline -0.001 -20"><span class='ocrx_word' id='word_1_86' title='bbox 197 1822 328 1899; x_wconf 89' lang='lat' dir='ltr'><strong>riorum,</strong></span> <span class='ocrx_word' id='word_1_87' title='bbox 349 1819 464 1903; x_wconf 86' lang='lat' dir='ltr'><strong>paucis</strong></span> <span class='ocrx_word' id='word_1_88' title='bbox 485 1817 630 1882; x_wconf 82' lang='lat' dir='ltr'><strong>fortasse</strong></span> <span class='ocrx_word' id='word_1_89' title='bbox 652 1820 744 1883; x_wconf 90' lang='lat' dir='ltr'><strong>annis</strong></span> <span class='ocrx_word' id='word_1_90' title='bbox 763 1817 992 1882; x_wconf 84' lang='lat' dir='ltr'><strong>deficientibus</strong></span> <span class='ocrx_word' id='word_1_91' title='bbox 1015 1825 1072 1882; x_wconf 86' lang='lat' dir='ltr'><strong>aut</strong></span> <span class='ocrx_word' id='word_1_92' title='bbox 1093 1821 1191 1882; x_wconf 90' lang='lat' dir='ltr'><strong>etiam</strong></span> <span class='ocrx_word' id='word_1_93' title='bbox 1212 1817 1338 1882; x_wconf 88' lang='lat' dir='ltr'><strong>redun-</strong></span> 
     </span>
     <span class='ocr_line' id='line_1_13' title="bbox 197 1929 1353 2014; baseline 0 -21"><span class='ocrx_word' id='word_1_94' title='bbox 197 1929 368 2012; x_wconf 74' lang='lat' dir='ltr'><strong>dantibus,</strong></span> <span class='ocrx_word' id='word_1_95' title='bbox 405 1929 448 1992; x_wconf 90' lang='lat' dir='ltr'><strong>ad</strong></span> <span class='ocrx_word' id='word_1_96' title='bbox 464 1949 535 1994; x_wconf 78' lang='lat' dir='ltr'><strong>eos</strong></span> <span class='ocrx_word' id='word_1_97' title='bbox 571 1929 720 2014; x_wconf 89' lang='lat' dir='ltr'><strong>quidem,</strong></span> <span class='ocrx_word' id='word_1_98' title='bbox 755 1933 813 2014; x_wconf 92' lang='lat' dir='ltr'><strong>qui</strong></span> <span class='ocrx_word' id='word_1_99' title='bbox 844 1937 922 1994; x_wconf 89' lang='lat' dir='ltr'><strong>sunt</strong></span> <span class='ocrx_word' id='word_1_100' title='bbox 951 1930 1059 2014; x_wconf 84' lang='lat' dir='ltr'><strong>digni,</strong></span> <span class='ocrx_word' id='word_1_101' title='bbox 1091 1939 1129 1995; x_wconf 94' lang='lat' dir='ltr'><strong>ut</strong></span> <span class='ocrx_word' id='word_1_102' title='bbox 1157 1929 1353 1996; x_wconf 86' lang='lat' dir='ltr'><strong>reddantur&#39;</strong></span> 
     </span>
     <span class='ocr_line' id='line_1_14' title="bbox 198 2040 1338 2126; baseline 0 -20"><span class='ocrx_word' id='word_1_103' title='bbox 198 2044 364 2122; x_wconf 78' lang='lat' dir='ltr'><strong>certiores,</strong></span> <span class='ocrx_word' id='word_1_104' title='bbox 387 2041 468 2105; x_wconf 90' lang='lat' dir='ltr'><strong>illud</strong></span> <span class='ocrx_word' id='word_1_105' title='bbox 490 2041 744 2126; x_wconf 85' lang='lat' dir='ltr'><strong>respondemus,</strong></span> <span class='ocrx_word' id='word_1_106' title='bbox 767 2040 856 2124; x_wconf 91' lang='lat' dir='ltr'><strong>quod</strong></span> <span class='ocrx_word' id='word_1_107' title='bbox 879 2040 977 2126; x_wconf 88' lang='lat' dir='ltr'><strong>hujus</strong></span> <span class='ocrx_word' id='word_1_108' title='bbox 999 2045 1047 2106; x_wconf 87' lang='lat' dir='ltr'><strong>rei</strong></span> <span class='ocrx_word' id='word_1_109' title='bbox 1069 2063 1169 2107; x_wconf 88' lang='lat' dir='ltr'><strong>causa</strong></span> <span class='ocrx_word' id='word_1_110' title='bbox 1190 2051 1264 2106; x_wconf 88' lang='lat' dir='ltr'><strong>orta</strong></span> <span class='ocrx_word' id='word_1_111' title='bbox 1286 2051 1338 2107; x_wconf 90' lang='lat' dir='ltr'><strong>est</strong></span> 
     </span>
     <span class='ocr_line' id='line_1_15' title="bbox 197 2152 1337 2238; baseline 0.003 -23"><span class='ocrx_word' id='word_1_112' title='bbox 197 2173 240 2216; x_wconf 82' lang='lat' dir='ltr'><strong>ex</strong></span> <span class='ocrx_word' id='word_1_113' title='bbox 263 2155 322 2232; x_wconf 90' lang='lat' dir='ltr'><strong>iis,</strong></span> <span class='ocrx_word' id='word_1_114' title='bbox 354 2155 411 2236; x_wconf 88' lang='lat' dir='ltr'><strong>qui</strong></span> <span class='ocrx_word' id='word_1_115' title='bbox 441 2155 539 2217; x_wconf 86' lang='lat' dir='ltr'><strong>certis</strong></span> <span class='ocrx_word' id='word_1_116' title='bbox 570 2153 773 2237; x_wconf 87' lang='lat' dir='ltr'><strong>temporibus</strong></span> <span class='ocrx_word' id='word_1_117' title='bbox 801 2152 897 2216; x_wconf 83' lang='lat' dir='ltr'><strong>fuere</strong></span> <span class='ocrx_word' id='word_1_118' title='bbox 928 2152 1185 2238; x_wconf 86' lang='lat' dir='ltr'><strong>chronographi,</strong></span> <span class='ocrx_word' id='word_1_119' title='bbox 1217 2156 1273 2238; x_wconf 92' lang='lat' dir='ltr'><strong>qui</strong></span> <span class='ocrx_word' id='word_1_120' title='bbox 1303 2157 1337 2218; x_wconf 91' lang='lat' dir='ltr'><strong>in</strong></span> 
     </span>
     <span class='ocr_line' id='line_1_16' title="bbox 197 2263 1336 2347; baseline 0.002 -21"><span class='ocrx_word' id='word_1_121' title='bbox 197 2263 398 2328; x_wconf 87' lang='lat' dir='ltr'><strong>numerando</strong></span> <span class='ocrx_word' id='word_1_122' title='bbox 413 2285 478 2328; x_wconf 91' lang='lat' dir='ltr'><strong>non</strong></span> <span class='ocrx_word' id='word_1_123' title='bbox 493 2271 738 2328; x_wconf 86' lang='lat' dir='ltr'><strong>consenserunt.</strong></span> <span class='ocrx_word' id='word_1_124' title='bbox 775 2263 929 2330; x_wconf 88' lang='lat' dir='ltr'><strong>Secundo</strong></span> <span class='ocrx_word' id='word_1_125' title='bbox 951 2273 1061 2329; x_wconf 90' lang='lat' dir='ltr'><strong>autem</strong></span> <span class='ocrx_word' id='word_1_126' title='bbox 1083 2264 1251 2329; x_wconf 88' lang='lat' dir='ltr'><strong>sciendum</strong></span> <span class='ocrx_word' id='word_1_127' title='bbox 1274 2273 1336 2347; x_wconf 90' lang='lat' dir='ltr'><strong>est,</strong></span> 
     </span>
     <span class='ocr_line' id='line_1_17' title="bbox 198 2375 1337 2460; baseline 0.003 -23"><span class='ocrx_word' id='word_1_128' title='bbox 198 2375 288 2458; x_wconf 91' lang='lat' dir='ltr'><strong>quod</strong></span> <span class='ocrx_word' id='word_1_129' title='bbox 310 2375 406 2440; x_wconf 89' lang='lat' dir='ltr'><strong>aliter</strong></span> <span class='ocrx_word' id='word_1_130' title='bbox 427 2383 617 2460; x_wconf 87' lang='lat' dir='ltr'><strong>computant</strong></span> <span class='ocrx_word' id='word_1_131' title='bbox 638 2375 784 2440; x_wconf 87' lang='lat' dir='ltr'><strong>Hebraei</strong></span> <span class='ocrx_word' id='word_1_132' title='bbox 814 2395 951 2455; x_wconf 91' lang='lat' dir='ltr'><strong>annum,</strong></span> <span class='ocrx_word' id='word_1_133' title='bbox 981 2385 1016 2440; x_wconf 90' lang='lat' dir='ltr'><strong>et</strong></span> <span class='ocrx_word' id='word_1_134' title='bbox 1043 2376 1140 2440; x_wconf 86' lang='lat' dir='ltr'><strong>aliter</strong></span> <span class='ocrx_word' id='word_1_135' title='bbox 1166 2376 1337 2440; x_wconf 83' lang='lat' dir='ltr'><strong>Romanae</strong></span> 
     </span>
     <span class='ocr_line' id='line_1_18' title="bbox 196 2471 1337 2572; baseline 0.001 -22"><span class='ocrx_word' id='word_1_136' title='bbox 196 2471 367 2552; x_wconf 83' lang='lat' dir='ltr'><strong>Ecclesiae</strong></span> <span class='ocrx_word' id='word_1_137' title='bbox 398 2486 546 2569; x_wconf 82' lang='lat' dir='ltr'><strong>traditi03</strong></span> <span class='ocrx_word' id='word_1_138' title='bbox 580 2507 654 2550; x_wconf 90' lang='lat' dir='ltr'><strong>nam</strong></span> <span class='ocrx_word' id='word_1_139' title='bbox 682 2487 730 2551; x_wconf 91' lang='lat' dir='ltr'><strong>illi</strong></span> <span class='ocrx_word' id='word_1_140' title='bbox 761 2487 893 2572; x_wconf 90' lang='lat' dir='ltr'><strong>quidem</strong></span> <span class='ocrx_word' id='word_1_141' title='bbox 922 2495 1142 2552; x_wconf 89' lang='lat' dir='ltr'><strong>trecentorum</strong></span> <span class='ocrx_word' id='word_1_142' title='bbox 1170 2491 1337 2571; x_wconf 90' lang='lat' dir='ltr'><strong>quinqua-</strong></span> 
     </span>
     <span class='ocr_line' id='line_1_19' title="bbox 149 2599 1335 2683; baseline 0.003 -23"><span class='ocrx_word' id='word_1_143' title='bbox 149 2635 153 2641; x_wconf 88' lang='lat'>·</span> <span class='ocrx_word' id='word_1_144' title='bbox 197 2601 290 2683; x_wconf 80' lang='lat' dir='ltr'><strong>ginta</strong></span> <span class='ocrx_word' id='word_1_145' title='bbox 319 2609 461 2683; x_wconf 85' lang='lat' dir='ltr'><strong>quatuor</strong></span> <span class='ocrx_word' id='word_1_146' title='bbox 492 2599 598 2664; x_wconf 91' lang='lat' dir='ltr'><strong>solum</strong></span> <span class='ocrx_word' id='word_1_147' title='bbox 632 2599 759 2664; x_wconf 90' lang='lat' dir='ltr'><strong>dierum</strong></span> <span class='ocrx_word' id='word_1_148' title='bbox 791 2623 911 2664; x_wconf 88' lang='lat' dir='ltr'><strong>anuum</strong></span> <span class='ocrx_word' id='word_1_149' title='bbox 942 2601 1151 2665; x_wconf 89' lang='lat' dir='ltr'><strong>numerant“.</strong></span> <span class='ocrx_word' id='word_1_150' title='bbox 1195 2600 1251 2666; x_wconf 85' lang='lat' dir='ltr'><strong>Ex</strong></span> <span class='ocrx_word' id='word_1_151' title='bbox 1284 2601 1335 2664; x_wconf 90' lang='lat' dir='ltr'><strong>bis</strong></span> 
     </span>
     <span class='ocr_line' id='line_1_20' title="bbox 197 2709 1336 2801; baseline 0.004 -29"><span class='ocrx_word' id='word_1_152' title='bbox 197 2709 307 2775; x_wconf 90' lang='lat' dir='ltr'><strong>verbis</strong></span> <span class='ocrx_word' id='word_1_153' title='bbox 324 2710 536 2776; x_wconf 86' lang='lat' dir='ltr'><strong>Anastasium</strong></span> <span class='ocrx_word' id='word_1_154' title='bbox 557 2719 704 2775; x_wconf 88' lang='lat' dir='ltr'><strong>nostrum</strong></span> <span class='ocrx_word' id='word_1_155' title='bbox 723 2714 889 2796; x_wconf 72' lang='lat' dir='ltr'><strong>¹seniorem</strong></span> <span class='ocrx_word' id='word_1_156' title='bbox 911 2712 1016 2777; x_wconf 83' lang='lat' dir='ltr'><strong>fuisse</strong></span> <span class='ocrx_word' id='word_1_157' title='bbox 1038 2714 1215 2801; x_wconf 85' lang='lat' dir='ltr'><strong>intelliges,</strong></span> <span class='ocrx_word' id='word_1_158' title='bbox 1237 2733 1336 2798; x_wconf 86' lang='lat' dir='ltr'><strong>quam</strong></span> 
     </span>
     <span class='ocr_line' id='line_1_21' title="bbox 195 2823 1335 2912; baseline 0.004 -28"><span class='ocrx_word' id='word_1_159' title='bbox 195 2823 269 2904; x_wconf 87' lang='lat' dir='ltr'><strong>quis</strong></span> <span class='ocrx_word' id='word_1_160' title='bbox 292 2843 336 2886; x_wconf 88' lang='lat' dir='ltr'><strong>ex</strong></span> <span class='ocrx_word' id='word_1_161' title='bbox 358 2824 416 2904; x_wconf 91' lang='lat' dir='ltr'><strong>iis,</strong></span> <span class='ocrx_word' id='word_1_162' title='bbox 451 2843 536 2906; x_wconf 88' lang='lat' dir='ltr'><strong>quac</strong></span> <span class='ocrx_word' id='word_1_163' title='bbox 566 2831 642 2886; x_wconf 89' lang='lat' dir='ltr'><strong>ante</strong></span> <span class='ocrx_word' id='word_1_164' title='bbox 674 2823 833 2909; x_wconf 86' lang='lat' dir='ltr'><strong>allegavi,</strong></span> <span class='ocrx_word' id='word_1_165' title='bbox 868 2824 1009 2889; x_wconf 82' lang='lat' dir='ltr'><strong>forsitan</strong></span> <span class='ocrx_word' id='word_1_166' title='bbox 1035 2827 1222 2912; x_wconf 87' lang='lat' dir='ltr'><strong>conjecerit.</strong></span> <span class='ocrx_word' id='word_1_167' title='bbox 1266 2823 1335 2891; x_wconf 87' lang='lat' dir='ltr'><strong>Sed</strong></span> 
     </span>
     <span class='ocr_line' id='line_1_22' title="bbox 194 2933 1334 3023; baseline 0.004 -27"><span class='ocrx_word' id='word_1_168' title='bbox 194 2933 279 2998; x_wconf 91' lang='lat' dir='ltr'><strong>haec</strong></span> <span class='ocrx_word' id='word_1_169' title='bbox 302 2933 433 3017; x_wconf 88' lang='lat' dir='ltr'><strong>quidem</strong></span> <span class='ocrx_word' id='word_1_170' title='bbox 458 2933 500 2999; x_wconf 88' lang='lat' dir='ltr'><strong>dc</strong></span> <span class='ocrx_word' id='word_1_171' title='bbox 522 2935 586 2999; x_wconf 94' lang='lat' dir='ltr'><strong>hoc</strong></span> <span class='ocrx_word' id='word_1_172' title='bbox 607 2934 777 3000; x_wconf 87' lang='lat' dir='ltr'><strong>Anastasii</strong></span> <span class='ocrx_word' id='word_1_173' title='bbox 800 2935 926 3001; x_wconf 90' lang='lat' dir='ltr'><strong>calculo</strong></span> <span class='ocrx_word' id='word_1_174' title='bbox 949 2944 1050 3020; x_wconf 86' lang='lat' dir='ltr'><strong>atque</strong></span> <span class='ocrx_word' id='word_1_175' title='bbox 1072 2945 1237 3023; x_wconf 85' lang='lat' dir='ltr'><strong>tempore,</strong></span> <span class='ocrx_word' id='word_1_176' title='bbox 1268 2958 1334 3022; x_wconf 94' lang='lat' dir='ltr'><strong>quo</strong></span> 
     </span>
     <span class='ocr_line' id='line_1_23' title="bbox 194 3047 1335 3133; baseline 0.005 -25"><span class='ocrx_word' id='word_1_177' title='bbox 194 3047 367 3130; x_wconf 85' lang='lat' dir='ltr'><strong>scripsisse</strong></span> <span class='ocrx_word' id='word_1_178' title='bbox 389 3053 557 3110; x_wconf 85' lang='lat' dir='ltr'><strong>auctorem</strong></span> <span class='ocrx_word' id='word_1_179' title='bbox 581 3067 625 3111; x_wconf 89' lang='lat' dir='ltr'><strong>ex</strong></span> <span class='ocrx_word' id='word_1_180' title='bbox 647 3050 721 3132; x_wconf 91' lang='lat' dir='ltr'><strong>ipso</strong></span> <span class='ocrx_word' id='word_1_181' title='bbox 752 3047 838 3111; x_wconf 89' lang='lat' dir='ltr'><strong>libro</strong></span> <span class='ocrx_word' id='word_1_182' title='bbox 868 3051 1018 3113; x_wconf 85' lang='lat' dir='ltr'><strong>eruimus.</strong></span> <span class='ocrx_word' id='word_1_183' title='bbox 1062 3048 1139 3113; x_wconf 81' lang='lat' dir='ltr'><strong>dam</strong></span> <span class='ocrx_word' id='word_1_184' title='bbox 1161 3069 1242 3113; x_wconf 91' lang='lat' dir='ltr'><strong>vcro</strong></span> <span class='ocrx_word' id='word_1_185' title='bbox 1271 3070 1335 3133; x_wconf 92' lang='lat' dir='ltr'><strong>op-</strong></span> 
     </span>
     <span class='ocr_line' id='line_1_24' title="bbox 194 3157 1334 3244; baseline 0.001 -23"><span class='ocrx_word' id='word_1_186' title='bbox 194 3165 296 3243; x_wconf 88' lang='lat' dir='ltr'><strong>ponat</strong></span> <span class='ocrx_word' id='word_1_187' title='bbox 323 3158 402 3221; x_wconf 89' lang='lat' dir='ltr'><strong>mihi</strong></span> <span class='ocrx_word' id='word_1_188' title='bbox 431 3157 570 3222; x_wconf 83' lang='lat' dir='ltr'><strong>forsitan</strong></span> <span class='ocrx_word' id='word_1_189' title='bbox 593 3158 710 3243; x_wconf 87' lang='lat' dir='ltr'><strong>aliquis</strong></span> <span class='ocrx_word' id='word_1_190' title='bbox 733 3159 842 3224; x_wconf 91' lang='lat' dir='ltr'><strong>locum</strong></span> <span class='ocrx_word' id='word_1_191' title='bbox 863 3160 965 3241; x_wconf 91' lang='lat' dir='ltr'><strong>illum,</strong></span> <span class='ocrx_word' id='word_1_192' title='bbox 987 3163 1044 3244; x_wconf 91' lang='lat' dir='ltr'><strong>qui</strong></span> <span class='ocrx_word' id='word_1_193' title='bbox 1066 3167 1178 3224; x_wconf 83' lang='lat' dir='ltr'><strong>exstat</strong></span> <span class='ocrx_word' id='word_1_194' title='bbox 1198 3159 1257 3224; x_wconf 85' lang='lat' dir='ltr'><strong>lib.</strong></span> <span class='ocrx_word' id='word_1_195' title='bbox 1270 3158 1334 3224; x_wconf 93' lang='lat' dir='ltr'><strong>XI.</strong></span> 
     </span>
     <span class='ocr_line' id='line_1_25' title="bbox 195 3267 1335 3354; baseline 0.002 -22"><span class='ocrx_word' id='word_1_196' title='bbox 195 3270 256 3334; x_wconf 86' lang='lat' dir='ltr'><strong>col.</strong></span> <span class='ocrx_word' id='word_1_197' title='bbox 281 3269 365 3333; x_wconf 80' lang='lat'>1034</span> <span class='ocrx_word' id='word_1_198' title='bbox 387 3268 419 3332; x_wconf 90' lang='lat' dir='ltr'>A</span> <span class='ocrx_word' id='word_1_199' title='bbox 441 3267 492 3334; x_wconf 90' lang='lat' dir='ltr'><strong>his</strong></span> <span class='ocrx_word' id='word_1_200' title='bbox 515 3270 642 3335; x_wconf 75' lang='lat' dir='ltr'><strong>verbist</strong></span> <span class='ocrx_word' id='word_1_201' title='bbox 665 3271 846 3354; x_wconf 85' lang='lat' dir='ltr'><strong>„Dissecor</strong></span> <span class='ocrx_word' id='word_1_202' title='bbox 868 3279 902 3336; x_wconf 90' lang='lat' dir='ltr'><strong>et</strong></span> <span class='ocrx_word' id='word_1_203' title='bbox 922 3274 972 3336; x_wconf 91' lang='lat' dir='ltr'><strong>tui</strong></span> <span class='ocrx_word' id='word_1_204' title='bbox 993 3293 1106 3336; x_wconf 89' lang='lat' dir='ltr'><strong>rursus</strong></span> <span class='ocrx_word' id='word_1_205' title='bbox 1128 3279 1244 3336; x_wconf 91' lang='lat' dir='ltr'><strong>teneor</strong></span> <span class='ocrx_word' id='word_1_206' title='bbox 1271 3270 1335 3335; x_wconf 89' lang='lat' dir='ltr'><strong>ad-</strong></span> 
     </span>
     <span class='ocr_line' id='line_1_26' title="bbox 193 3379 1334 3466; baseline 0.003 -22"><span class='ocrx_word' id='word_1_207' title='bbox 193 3381 367 3446; x_wconf 86' lang='lat' dir='ltr'><strong>miratione</strong></span> <span class='ocrx_word' id='word_1_208' title='bbox 388 3380 462 3462; x_wconf 89' lang='lat' dir='ltr'><strong>(tibi</strong></span> <span class='ocrx_word' id='word_1_209' title='bbox 473 3379 605 3446; x_wconf 85' lang='lat' dir='ltr'><strong>Judaco</strong></span> <span class='ocrx_word' id='word_1_210' title='bbox 626 3403 739 3446; x_wconf 90' lang='lat' dir='ltr'><strong>rursus</strong></span> <span class='ocrx_word' id='word_1_211' title='bbox 754 3381 854 3464; x_wconf 91' lang='lat' dir='ltr'><strong>dico),</strong></span> <span class='ocrx_word' id='word_1_212' title='bbox 877 3382 1042 3466; x_wconf 91' lang='lat' dir='ltr'><strong>quomodo</strong></span> <span class='ocrx_word' id='word_1_213' title='bbox 1060 3382 1103 3446; x_wconf 91' lang='lat' dir='ltr'><strong>ad</strong></span> <span class='ocrx_word' id='word_1_214' title='bbox 1124 3382 1212 3447; x_wconf 92' lang='lat' dir='ltr'><strong>mille</strong></span> <span class='ocrx_word' id='word_1_215' title='bbox 1231 3403 1334 3447; x_wconf 90' lang='lat' dir='ltr'><strong>annos</strong></span> 
     </span>
     <span class='ocr_line' id='line_1_27' title="bbox 193 3491 1335 3579; baseline 0.004 -25"><span class='ocrx_word' id='word_1_216' title='bbox 193 3491 277 3556; x_wconf 87' lang='lat' dir='ltr'><strong>hacc</strong></span> <span class='ocrx_word' id='word_1_217' title='bbox 297 3499 389 3556; x_wconf 87' lang='lat' dir='ltr'><strong>recte</strong></span> <span class='ocrx_word' id='word_1_218' title='bbox 411 3492 524 3576; x_wconf 86' lang='lat' dir='ltr'><strong>legans</strong></span> <span class='ocrx_word' id='word_1_219' title='bbox 548 3493 614 3575; x_wconf 87' lang='lat' dir='ltr'><strong>(sc.</strong></span> <span class='ocrx_word' id='word_1_220' title='bbox 636 3501 673 3558; x_wconf 92' lang='lat' dir='ltr'><strong>ut</strong></span> <span class='ocrx_word' id='word_1_221' title='bbox 695 3513 739 3558; x_wconf 82' lang='lat' dir='ltr'><strong>ex</strong></span> <span class='ocrx_word' id='word_1_222' title='bbox 762 3501 922 3558; x_wconf 84' lang='lat' dir='ltr'><strong>contextu</strong></span> <span class='ocrx_word' id='word_1_223' title='bbox 942 3503 1051 3579; x_wconf 86' lang='lat' dir='ltr'><strong>patet:</strong></span> <span class='ocrx_word' id='word_1_224' title='bbox 1074 3495 1198 3578; x_wconf 83' lang='lat' dir='ltr'><strong>„Ipsc“</strong></span> <span class='ocrx_word' id='word_1_225' title='bbox 1218 3494 1335 3558; x_wconf 89' lang='lat' dir='ltr'><strong>obser-</strong></span> 
     </span>
     <span class='ocr_line' id='line_1_28' title="bbox 193 3601 1334 3691; baseline 0.003 -26"><span class='ocrx_word' id='word_1_226' title='bbox 193 3601 287 3666; x_wconf 86' lang='lat' dir='ltr'><strong>vabit</strong></span> <span class='ocrx_word' id='word_1_227' title='bbox 308 3611 409 3687; x_wconf 84' lang='lat' dir='ltr'><strong>caput</strong></span> <span class='ocrx_word' id='word_1_228' title='bbox 430 3611 538 3686; x_wconf 89' lang='lat' dir='ltr'><strong>tuum,</strong></span> <span class='ocrx_word' id='word_1_229' title='bbox 561 3625 627 3668; x_wconf 89' lang='lat' dir='ltr'><strong>non</strong></span> <span class='ocrx_word' id='word_1_230' title='bbox 649 3605 787 3688; x_wconf 82' lang='lat' dir='ltr'><strong>‚,ipsc“)</strong></span> <span class='ocrx_word' id='word_1_231' title='bbox 800 3603 844 3688; x_wconf 78' lang='lat'><strong>²),</strong></span> <span class='ocrx_word' id='word_1_232' title='bbox 872 3605 1016 3671; x_wconf 89' lang='lat' dir='ltr'><strong>nondum</strong></span> <span class='ocrx_word' id='word_1_233' title='bbox 1038 3609 1222 3691; x_wconf 86' lang='lat' dir='ltr'><strong>cognovisti</strong></span> <span class='ocrx_word' id='word_1_234' title='bbox 1251 3626 1334 3687; x_wconf 91' lang='lat' dir='ltr'><strong>eam,</strong></span> 
     </span>
     <span class='ocr_line' id='line_1_29' title="bbox 193 3716 1334 3803; baseline 0.004 -26"><span class='ocrx_word' id='word_1_235' title='bbox 193 3733 279 3797; x_wconf 87' lang='lat' dir='ltr'><strong>quaa</strong></span> <span class='ocrx_word' id='word_1_236' title='bbox 310 3721 361 3780; x_wconf 86' lang='lat' dir='ltr'><strong>ast</strong></span> <span class='ocrx_word' id='word_1_237' title='bbox 391 3717 423 3779; x_wconf 90' lang='lat' dir='ltr'><strong>iu</strong></span> <span class='ocrx_word' id='word_1_238' title='bbox 451 3716 533 3800; x_wconf 88' lang='lat' dir='ltr'><strong>ipsis</strong></span> <span class='ocrx_word' id='word_1_239' title='bbox 563 3718 752 3799; x_wconf 88' lang='lat' dir='ltr'><strong>veritatem,</strong></span> <span class='ocrx_word' id='word_1_240' title='bbox 791 3739 864 3782; x_wconf 92' lang='lat' dir='ltr'><strong>oum</strong></span> <span class='ocrx_word' id='word_1_241' title='bbox 897 3726 933 3782; x_wconf 92' lang='lat' dir='ltr'><strong>tu</strong></span> <span class='ocrx_word' id='word_1_242' title='bbox 966 3739 1019 3783; x_wconf 92' lang='lat' dir='ltr'><strong>me</strong></span> <span class='ocrx_word' id='word_1_243' title='bbox 1050 3719 1161 3803; x_wconf 87' lang='lat' dir='ltr'><strong>potius</strong></span> <span class='ocrx_word' id='word_1_244' title='bbox 1194 3717 1334 3782; x_wconf 89' lang='lat' dir='ltr'><strong>deberes</strong></span> 
     </span>
    </p>
   </div>
   <div class='ocr_carea' id='block_1_3' title="bbox 262 4125 515 4194">
    <p class='ocr_par' dir='ltr' id='par_1_3' title="bbox 262 4125 515 4194">
     <span class='ocr_line' id='line_1_30' title="bbox 262 4125 515 4194; baseline -0.008 -14"><span class='ocrx_word' id='word_1_245' title='bbox 262 4126 285 4194; x_wconf 93' lang='lat'><strong>¹)</strong></span> <span class='ocrx_word' id='word_1_246' title='bbox 303 4127 323 4180; x_wconf 91' lang='lat'><strong>1.</strong></span> <span class='ocrx_word' id='word_1_247' title='bbox 343 4125 405 4178; x_wconf 84' lang='lat' dir='ltr'><strong>Gor.</strong></span> <span class='ocrx_word' id='word_1_248' title='bbox 424 4128 454 4194; x_wconf 84' lang='lat'><strong>2,</strong></span> <span class='ocrx_word' id='word_1_249' title='bbox 473 4130 515 4180; x_wconf 90' lang='lat'><strong>10.</strong></span> 
     </span>
    </p>
   </div>
   <div class='ocr_carea' id='block_1_4' title="bbox 192 4238 1332 4406">
    <p class='ocr_par' dir='ltr' id='par_1_4' title="bbox 192 4238 1332 4406">
     <span class='ocr_line' id='line_1_31' title="bbox 262 4238 1332 4320; baseline 0.006 -30"><span class='ocrx_word' id='word_1_250' title='bbox 262 4238 285 4306; x_wconf 89' lang='lat'><strong>¹)</strong></span> <span class='ocrx_word' id='word_1_251' title='bbox 304 4238 372 4290; x_wconf 87' lang='lat' dir='ltr'><strong>Gen.</strong></span> <span class='ocrx_word' id='word_1_252' title='bbox 391 4240 422 4304; x_wconf 84' lang='lat'><strong>3,</strong></span> <span class='ocrx_word' id='word_1_253' title='bbox 446 4239 479 4289; x_wconf 77' lang='lat'><strong>16</strong></span> <span class='ocrx_word' id='word_1_254' title='bbox 503 4239 653 4293; x_wconf 86' lang='lat' dir='ltr'><strong>secundum</strong></span> <span class='ocrx_word' id='word_1_255' title='bbox 671 4240 821 4308; x_wconf 72' lang='lat' dir='ltr'><strong>septuag:</strong></span> <span class='ocrx_word' id='word_1_256' title='bbox 852 4238 971 4308; x_wconf 74' lang='lat' dir='ltr'><strong>„aicit</strong></span> <span class='ocrx_word' id='word_1_257' title='bbox 993 4259 1037 4296; x_wconf 83' lang='grc' dir='ltr'><strong>σου</strong></span> <span class='ocrx_word' id='word_1_258' title='bbox 1063 4240 1167 4318; x_wconf 70' lang='grc' dir='ltr'><strong>τηρήσαι</strong></span> <span class='ocrx_word' id='word_1_259' title='bbox 1188 4241 1332 4320; x_wconf 45' lang='lat' dir='ltr'><strong>sepultis&amp;</strong></span> 
     </span>
     <span class='ocr_line' id='line_1_32' title="bbox 192 4331 1332 4406; baseline 0.008 -23"><span class='ocrx_word' id='word_1_260' title='bbox 192 4331 238 4384; x_wconf 78' lang='lat' dir='ltr'><strong>Ad</strong></span> <span class='ocrx_word' id='word_1_261' title='bbox 254 4333 324 4384; x_wconf 85' lang='lat' dir='ltr'><strong>baec</strong></span> <span class='ocrx_word' id='word_1_262' title='bbox 341 4337 437 4384; x_wconf 90' lang='lat' dir='ltr'><strong>auctor</strong></span> <span class='ocrx_word' id='word_1_263' title='bbox 453 4339 561 4386; x_wconf 85' lang='lat' dir='ltr'><strong>noster:</strong></span> <span class='ocrx_word' id='word_1_264' title='bbox 580 4335 638 4401; x_wconf 83' lang='lat' dir='ltr'><strong>,De</strong></span> <span class='ocrx_word' id='word_1_265' title='bbox 655 4336 768 4389; x_wconf 87' lang='lat' dir='ltr'><strong>muliere</strong></span> <span class='ocrx_word' id='word_1_266' title='bbox 784 4339 914 4403; x_wconf 87' lang='lat' dir='ltr'><strong>loquens,</strong></span> <span class='ocrx_word' id='word_1_267' title='bbox 933 4341 985 4405; x_wconf 90' lang='lat' dir='ltr'><strong>ait,</strong></span> <span class='ocrx_word' id='word_1_268' title='bbox 1004 4343 1033 4390; x_wconf 87' lang='lat' dir='ltr'><strong>ct</strong></span> <span class='ocrx_word' id='word_1_269' title='bbox 1050 4339 1111 4404; x_wconf 88' lang='lat' dir='ltr'><strong>ejus</strong></span> <span class='ocrx_word' id='word_1_270' title='bbox 1129 4343 1241 4406; x_wconf 85' lang='lat' dir='ltr'><strong>semine,</strong></span> <span class='ocrx_word' id='word_1_271' title='bbox 1259 4355 1332 4405; x_wconf 88' lang='lat' dir='ltr'><strong>quo-</strong></span> 
     </span>
    </p>
   </div>
   <div class='ocr_carea' id='block_1_5' title="bbox 192 4426 1333 4590">
    <p class='ocr_par' dir='ltr' id='par_1_5' title="bbox 192 4426 1333 4590">
     <span class='ocr_line' id='line_1_33' title="bbox 192 4426 1333 4501; baseline 0.006 -22"><span class='ocrx_word' id='word_1_272' title='bbox 192 4427 273 4479; x_wconf 89' lang='lat' dir='ltr'><strong>modo</strong></span> <span class='ocrx_word' id='word_1_273' title='bbox 292 4426 327 4479; x_wconf 87' lang='lat' dir='ltr'><strong>ad</strong></span> <span class='ocrx_word' id='word_1_274' title='bbox 344 4426 496 4479; x_wconf 87' lang='lat' dir='ltr'><strong>masculum</strong></span> <span class='ocrx_word' id='word_1_275' title='bbox 515 4429 638 4482; x_wconf 88' lang='lat' dir='ltr'><strong>traduxit</strong></span> <span class='ocrx_word' id='word_1_276' title='bbox 664 4435 827 4500; x_wconf 84' lang='lat' dir='ltr'><strong>orationem,</strong></span> <span class='ocrx_word' id='word_1_277' title='bbox 851 4432 962 4486; x_wconf 89' lang='lat' dir='ltr'><strong>dicans:</strong></span> <span class='ocrx_word' id='word_1_278' title='bbox 986 4433 1046 4500; x_wconf 81' lang='lat' dir='ltr'><strong>Ipsa</strong></span> <span class='ocrx_word' id='word_1_279' title='bbox 1072 4433 1231 4487; x_wconf 85' lang='lat' dir='ltr'><strong>observabit</strong></span> <span class='ocrx_word' id='word_1_280' title='bbox 1248 4439 1333 4501; x_wconf 88' lang='lat' dir='ltr'><strong>capnt</strong></span> 
     </span>
     <span class='ocr_line' id='line_1_34' title="bbox 192 4519 591 4590; baseline 0 -14"><span class='ocrx_word' id='word_1_281' title='bbox 192 4529 269 4576; x_wconf 90' lang='lat' dir='ltr'><strong>tuum</strong></span> <span class='ocrx_word' id='word_1_282' title='bbox 288 4519 354 4574; x_wconf 62' lang='lat' dir='ltr'><strong>&amp;ost</strong></span> <span class='ocrx_word' id='word_1_283' title='bbox 374 4520 439 4588; x_wconf 91' lang='lat' dir='ltr'><strong>(col.</strong></span> <span class='ocrx_word' id='word_1_284' title='bbox 458 4523 526 4576; x_wconf 78' lang='lat'>1088</span> <span class='ocrx_word' id='word_1_285' title='bbox 543 4522 591 4590; x_wconf 90' lang='lat' dir='ltr'><strong>D).</strong></span> 
     </span>
    </p>
   </div>
   <div class='ocr_carea' id='block_1_6' title="bbox 0 0 1618 5217">
    <p class='ocr_par' dir='ltr' id='par_1_6' title="bbox 0 0 1618 5217">
     <span class='ocr_line' id='line_1_35' title="bbox 0 0 1618 5217; baseline 0 2"><span class='ocrx_word' id='word_1_286' title='bbox 0 0 1618 5217; x_wconf 95' lang='lat' dir='ltr'><strong> </strong></span> 
     </span>
    </p>
   </div>
  </div>
 </body>
</html>
