3225 5217
1275 523 1337 585 119

199 697 232 756 et
263 711 323 776 pro
358 700 471 756 sancte
493 690 630 777 Virgine
665 697 698 755 et
725 691 790 756 Dei
820 690 997 757 Genitrice.
1049 691 1206 759 Similiter
1240 698 1338 760 etiam

197 804 289 868 fluvii
313 812 348 867 et
369 805 494 884 fontes,
523 810 557 868 et
579 804 711 889 plantae
735 811 769 868 et
790 812 879 868 terra
907 812 942 869 et
967 805 1143 886 tenebrae,
1172 806 1277 871 nubes
1305 815 1340 870 et

198 918 304 979 ventis
327 923 361 978 ct
383 917 487 980 omnis
509 913 720 999 aspectabilis
744 924 778 978 et
799 909 1209 1000 inaspectabiliscreat-ura
1226 918 1339 980 multi-

197 1026 314 1090 fariam
335 1026 514 1109 multisque
537 1024 642 1089 modis
664 1023 892 1110 intelliguntur
913 1047 934 1090 a
955 1025 1075 1092 divinis
1097 1029 1263 1112 patribus,
1296 1049 1339 1092 ne

197 1141 307 1222 inopia
345 1138 540 1223 cognitionis
577 1137 705 1201 laboret
736 1136 880 1221 Spiritus
918 1148 1070 1221 sanetus,
1108 1161 1174 1204 non
1213 1142 1338 1223 valens,

198 1253 283 1314 sieut
305 1250 417 1334 pluvia
439 1251 577 1334 plantis,
606 1248 728 1312 donare
758 1248 923 1313 diversam
945 1253 1083 1336 gratiam
1106 1253 1139 1314 in
1161 1251 1338 1316 esculentis

197 1382 310 1426 eorum
323 1371 333 1382 ’
348 1362 530 1426 fructibus:
572 1369 624 1426 est
661 1364 745 1426 enim
784 1362 870 1426 facie
907 1362 1099 1446 multiplex,
1135 1362 1339 1446 multamque

199 1474 325 1539 habens
359 1473 465 1538 lucem
495 1495 581 1557 aqua
612 1473 741 1538 divinae
773 1473 978 1558 Scripturae,
1011 1493 1097 1557 quae
1127 1475 1263 1538 scaturit
1293 1495 1337 1538 ex

196 1607 260 1650 uno
283 1586 375 1651 fonte
398 1590 503 1650 sancti
524 1584 699 1671 Spiritus.“

282 1698 356 1762 Hac
388 1700 515 1762 ratione
546 1717 659 1762 omnes
695 1719 748 1762 res
779 1705 908 1763 creatas
945 1701 1073 1763 auctori
1108 1701 1206 1762 etiam
1236 1721 1337 1784 prae-

196 1809 380 1894 significare
403 1808 571 1873 Christum
594 1817 628 1874 et
649 1809 851 1892 Ecclesiam,
877 1812 946 1896 jam
975 1831 1076 1895 snpra
1097 1812 1230 1876 uberius
1252 1813 1337 1878 alle-

196 1924 283 2008 gavi,
305 1931 447 1986 mentem
470 1924 612 1986 auctoris
635 1925 666 1986 in
682 1921 916 2006 componendis
932 1923 984 1986 his
1003 1921 1095 1988 libris
1113 1923 1291 1989 ostendens
1304 1925 1335 2009 ¹).

187 2032 241 2096 Et
261 2036 309 2097 ita
330 2032 463 2116 quidem
485 2055 565 2115 „aer
586 2053 719 2116 quoque
742 2042 793 2098 est
812 2037 843 2097 ei
855 2042 955 2119 typus
968 2021 1158 2100 Divinitatia
1174 2045 1208 2100 et
1219 2038 1335 2123 ligura,

196 2163 281 2228 quae
303 2167 367 2208 non
389 2149 494 2230 possit
517 2147 686 2212 exinaniri.
732 2145 908 2224 Quomodo
931 2149 1033 2228 enim,
1055 2151 1176 2231 inquit,
1205 2158 1336 2214 aerest

196 2257 319 2340 ubique
342 2266 376 2321 et
396 2239 511 2342 implet
540 2260 663 2337 omnia,
693 2261 741 2321 ita
771 2260 869 2322 etiam
899 2257 1011 2321 divina
1038 2268 1155 2322 natura
1177 2279 1335 2343 praesens

195 2372 227 2433 in
258 2373 472 2434 universitate
499 2389 570 2433 earn
602 2372 649 2434 ita
677 2370 811 2454 implet,
842 2375 879 2432 ut
908 2371 1069 2433 exinaniri
1098 2379 1335 2454 nequeat...

194 2481 240 2546 Et
261 2481 426 2566 quomodo
449 2500 506 2546 aer
529 2488 580 2545 est
601 2479 827 2545 tenebricosus
851 2489 884 2544 et
904 2479 1042 2561 lucidus,
1065 2483 1204 2565 primum
1227 2490 1336 2547 autern

196 2603 246 2659 est
280 2594 330 2676 id,
366 2593 455 2678 quod
490 2602 541 2658 est
570 2593 831 2658 tenebricosum:
872 2595 919 2657 ita
957 2595 1055 2657 etiam
1084 2592 1247 2657 Divinitas
1284 2601 1337 2658 eet

194 2706 351 2770 tenebrae
373 2705 577 2787 nolentibus,
606 2706 663 2768 lux
688 2712 797 2770 autem
819 2705 1015 2770 volentibus.
1059 2707 1205 2774 Primum
1227 2715 1334 2771 autem

192 2825 244 2881 est
266 2817 317 2898 id,
347 2816 435 2900 quod
461 2823 512 2880 est
533 2817 790 2897 tenebricosum,
821 2819 974 2899 quoniam
1005 2820 1144 2901 primum
1167 2821 1337 2904 ignoratur

192 2936 226 2992 et
253 2936 330 2991 tunc
358 2929 557 3013 agnoscitur.
601 2925 647 2991 Et
675 2927 840 3011 quomodo
871 2949 929 2991 aer
957 2928 1060 2994 veluti
1081 2931 1331 2995 intractabiliter

192 3047 226 3104 et
246 3039 481 3107 insensibiliter
503 3049 555 3104 est
577 3043 675 3104 etiam
698 3041 893 3125 perfectior,
924 3061 996 3104 cum
1028 3041 1186 3106 scinditur
1207 3042 1250 3106 ad
1271 3043 1336 3106 hoc

192 3161 227 3214 ut
246 3160 439 3236 permoveat
459 3170 576 3216 secana
600 3171 755 3236 corpora3
778 3155 825 3216 ita
847 3156 945 3217 etiam
956 3153 1049 3218 Deus
1071 3156 1127 3236 iis,
1150 3157 1205 3237 qui
1226 3157 1334 3239 ipsum

190 3263 305 3326 volunt
333 3262 475 3326 medium
504 3262 689 3347 pervadere
719 3271 753 3328 et
781 3272 937 3348 tanquam
973 3279 1034 3349 per
1063 3267 1333 3349 penetrationem,

191 3373 300 3458 quoad
324 3375 394 3460 ejus
416 3373 492 3438 fieri
511 3382 639 3458 potest,
671 3377 701 3438 ei
725 3378 880 3439 uniuntur
900 3376 1112 3459 insensiliter,
1139 3379 1212 3461 ipse
1236 3378 1334 3439 etiam

190 3487 335 3570 aperitur
357 3506 430 3549 cum
452 3487 672 3570 perfectione,
696 3493 728 3551 et
750 3488 807 3569 qui
830 3488 936 3568 novit,
958 3489 1031 3572 ipse
1053 3489 1131 3569 seit,
1154 3497 1190 3551 ut
1212 3490 1269 3570 qui
1291 3489 1335 3551 sit

190 3595 370 3662 deificatus.
414 3595 460 3660 Et
482 3596 647 3681 quomodo
669 3618 744 3680 aer,
777 3606 810 3662 et
839 3597 928 3682 quod
951 3607 1002 3662 est
1024 3601 1230 3663 extrinsecus
1253 3619 1335 3661 con-

190 3710 290 3791 tinet,
315 3717 348 3774 et
370 3710 548 3794 refrigerat
570 3708 659 3792 quod
684 3717 735 3773 est
756 3712 842 3773 intra
864 3710 1001 3792 animal,
1026 3719 1077 3774 est
1098 3719 1206 3774 autem
1228 3711 1333 3795 magis

189 3823 394 3886 necessarius
423 3841 520 3902 usus,
560 3823 616 3903 qui
645 3827 696 3885 est
724 3822 937 3900 intrinsecum
970 3823 1017 3885 ita
1052 3823 1150 3886 etiam
1177 3821 1270 3899 Deos
1299 3820 1335 3884 id

191 3931 322 4016 quidem
346 3930 435 4015 quod
459 3941 510 3996 est
533 3934 740 3996 extrinsecus
763 3934 909 3996 eontinet
931 3934 1046 3996 castris
1069 3932 1275 4017 angelorum,
1297 3939 1335 3995 ut

189 4045 246 4128 qui
268 4045 333 4108 sint
354 4043 515 4108 salutares
538 4045 689 4128 spiritus,
719 4042 778 4108 sed
809 4051 844 4108 et
865 4063 926 4128 per
948 4064 985 4108 se
1007 4047 1041 4118 in
1062 4045 1152 4128 ipsos
1176 4050 1333 4128 operatur
1444 4112 1448 4118 ,

190 4153 444 4218 vivificationem
474 4163 531 4219 aut
559 4155 859 4220 revivificatiouem.
911 4153 956 4218 Hi
985 4163 1095 4219 autem
1126 4155 1187 4220 soli
1221 4149 1332 4218 divino

1017 4371 1329 4382 ---.-...-....-.-..--.

260 4513 282 4580 ¹)
301 4515 357 4566 vid.
376 4530 439 4582 pag.
461 4517 512 4566 104
530 4529 605 4580 seqq.
