3225 5217
310 530 352 595 34

393 702 439 768 Et
456 706 499 771 sd
516 708 596 771 illud
608 709 778 793 Dionysii,
805 710 989 787 „Christum
1006 721 1071 775 non
1082 712 1262 776 secundom
1271 711 1446 793 hominem,

307 820 367 887 sed
389 842 489 906 supra
512 822 674 887 hominem
697 825 805 886 omnia
827 824 1127 907 hummaegtssm:
1150 825 1272 906 „Pater
1291 827 1367 904 iste,
1390 827 1446 906 ait,

307 935 364 1015 qui
385 932 480 1013 dixit,
504 932 670 998 Christum
693 937 801 997 omnia
823 944 937 999 nostra
958 955 1059 1020 supra
1077 956 1138 999 nos
1156 936 1322 1017 hahuisse,
1345 938 1446 999 etiarn

306 1050 446 1111 asseruit
469 1048 501 1108 in
525 1050 634 1131 capite
657 1049 784 1111 unionis
808 1055 842 1111 et
863 1047 1086 1127 discretionis,
1109 1045 1276 1111 Christum
1298 1068 1343 1111 ex
1366 1047 1446 1110 Vir·-

304 1162 388 1243 ginis
421 1161 820 1243 sanguius·incsrnatum
853 1178 944 1239 esse,
978 1158 1067 1241 quod
1100 1158 1236 1223 rudibus
1269 1159 1445 1225 admodum

305 1290 415 1334 masse
448 1269 570 1334 dictum
604 1270 755 1352 videtur,
797 1273 892 1354 qussi
922 1270 1011 1354 apud
1041 1271 1124 1335 aiios
1156 1272 1276 1335 Patres
1307 1290 1445 1355 prorsus

303 1382 501 1445 inauditum“
519 1381 550 1462 ¹).
590 1380 698 1466 „Ergo
716 1384 847 1445 minime
862 1401 985 1467 negare
995 1382 1100 1445 voluit
1110 1382 1302 1466 Dionysius,
1324 1402 1445 1467 corpus

176 1478 183 1487 ’
304 1490 426 1558 Christi
450 1490 596 1577 ejusdem
625 1491 795 1556 nobiscum
826 1512 900 1557 osse
929 1492 1151 1575 substantioe,
1181 1502 1219 1557 ut
1246 1494 1446 1557 arbitrantur

303 1604 474 1685 haeretici,
507 1603 638 1687 quando
662 1604 763 1667 dixit:
795 1603 939 1684 „Omnia
960 1624 1046 1687 queo
1068 1613 1186 1668 natura
1206 1604 1302 1669 nobis
1324 1608 1444 1686 insunt,

304 1736 377 1780 esse
413 1718 446 1779 in
479 1713 611 1779 Christo
647 1736 746 1800 supra
779 1724 951 1794 naturam3
997 1720 1031 1779 et
1064 1714 1232 1780 Christum
1265 1715 1445 1779 secondom

302 1826 465 1891 hominem
489 1828 630 1890 humana
652 1848 716 1890 uon
739 1833 879 1912 agore“3
902 1826 962 1892 sed
977 1827 1042 1891 hoc
1059 1827 1136 1892 ideo
1154 1827 1342 1908 affirmavit,
1365 1831 1442 1910 quio

303 1958 422 2023 corpus
445 1937 526 2001 illud
548 1958 613 2001 non
636 1947 708 2001 erat
731 1960 774 2002 ex
797 1941 939 2021 semiue,
976 1938 1037 2003 aad
1067 1960 1111 2002 ex
1138 1938 1248 2003 divino
1271 1938 1384 2003 Vcrho
1408 1950 1442 2003 ct

303 2070 375 2114 cum
388 2048 497 2113 divino
510 2048 622 2113 Verbo
636 2050 855 2135 hypostatice,
878 2053 977 2115 etism
996 2053 1029 2114 in
1043 2060 1140 2115 utero
1155 2053 1280 2130 matris,
1302 2051 1444 2115 humana

304 2170 417 2227 nostra
439 2164 567 2227 animae
590 2169 624 2225 ot
646 2164 793 2246 corporis
816 2182 926 2227 masso
946 2163 1096 2247 perfecto
1116 2162 1333 2244 subsistebat3
1356 2162 1444 2227 etdo

302 2280 434 2339 caetero
457 2292 530 2337 cum
546 2274 619 2338 Deo
643 2273 827 2337 subsistens
839 2272 983 2337 divinum
1006 2274 1162 2357 quiddam
1183 2294 1245 2359 per
1261 2274 1443 2337 divinitatis

301 2386 586 2470 participationem
617 2386 732 2449 evasit
783 2385 859 2464 Quo
892 2386 931 2451 iit
962 2394 999 2449 ut
1028 2386 1169 2449 humans
1196 2406 1262 2449 non
1289 2385 1442 2448 habuerit

300 2495 387 2561 uude
420 2496 585 2561 hominum
615 2499 737 2578 instar,
771 2495 831 2560 sed
852 2496 917 2561 Dei
949 2496 1046 2560 simul
1080 2505 1113 2561 et
1145 2496 1309 2561 hominum
1339 2516 1441 2577 more,

300 2606 492 2673 theandrica
522 2606 671 2691 quidem,
715 2616 748 2672 ot
781 2607 944 2672 indivulse
978 2611 1010 2671 in
1038 2630 1103 2672 una
1133 2608 1289 2693 singulari
1317 2606 1440 2672 Christi

300 2740 442 2804 persona
464 2719 693 2800 subsistentia,
717 2728 752 2783 at
773 2719 983 2783 nihilominus
1005 2723 1176 2803 utriusque
1199 2731 1335 2783 naturae
1355 2740 1441 2805 pro-

301 2832 457 2915 pietatem
485 2832 689 2895 inconfusam
719 2833 962 2913 conservontia3
996 2848 1083 2914 quse
1115 2831 1290 2895 manifesto
1316 2830 1439 2897 indicio

300 2949 392 3024 sunt,
424 2941 590 3007 Christum
617 2946 651 3006 in
680 2964 739 3007 sna
767 2944 990 3007 incarnatione
1018 2942 1173 3032 nonnulis
1195 2962 1238 3006 ex
1260 2944 1318 3023 iis,
1352 2960 1438 3024 quas

299 3061 415 3117 natura
444 3054 538 3119 nobis
566 3058 676 3119 insunt
715 3076 776 3118 nec
803 3054 983 3119 detractori
1019 3063 1078 3119 out
1109 3054 1275 3139 repudiari
1304 3054 1437 3135 queunt,
1512 3141 1517 3145 -

300 3168 409 3249 egisse
438 3186 538 3250 supra
565 3166 745 3248 hominem3
781 3164 942 3248 quosdam
957 3186 1044 3229 uero
1072 3164 1252 3229 secuudum
1274 3165 1437 3228 hominem

300 3285 333 3339 ct
356 3296 400 3340 ex
422 3284 558 3341 naturas
580 3285 712 3341 nostrae
736 3279 898 3341 communi
919 3279 1143 3361 praeseript03
1172 3275 1334 3359 quaedam
1356 3295 1437 3339 voro

299 3390 398 3451 etiam
432 3387 592 3474 abjectius
624 3396 657 3453 et
687 3390 906 3497 contemptius
940 3391 1092 3473 peregit,
1124 3396 1161 3451 ut
1198 3388 1438 3451 haereticorum

299 3518 357 3563 ora
393 3499 584 3564 obturaret“
605 3498 641 3583 ²).
703 3499 817 3585 „Quid
858 3502 966 3583 enim,
1011 3522 1089 3581 oro,
1130 3499 1235 3562 ¹vilius
1276 3506 1334 3562 aut
1372 3498 1436 3562 oh-

294 3611 425 3695 jectius,
449 3630 546 3694 quam
563 3611 653 3695 quod
674 3610 920 3676 conditorcoeli
935 3618 1100 3692 attenso,
1125 3609 1301 3694 „splendor
1311 3609 1441 3695 glorios

296 3721 406 3815 Patris
439 3730 473 3787 et
504 3723 611 3808 figura
643 3723 847 3788 substantioe
880 3723 972 3808 ejus“
987 3722 1029 3805 ³),
1068 3722 1162 3787 Deus
1197 3725 1438 3804 universorum,

297 3834 444 3919 ejusdem
478 3835 680 3900 substantiae
715 3844 748 3900 et
780 3837 962 3920 majestatis
995 3856 1068 3901 cum
1090 3835 1208 3916 Patre,
1240 3842 1437 3905 coaeternus

296 3942 432 4029 Spiritui
456 3944 595 4029 Sancto,
628 3949 792 4012 increatus
820 3947 892 4028 ille,
925 3946 1151 4026 immutabilis,
1179 3946 1238 4009 lux
1267 3948 1437 4028 immenso,

295 4056 402 4121 Filius
423 4060 629 4142 unigenitus,
662 4044 780 4143 sponte
815 4079 875 4122 suo
909 4059 952 4123 sb
984 4060 1105 4141 iniquis
1138 4077 1210 4121 cunr
1242 4059 1361 4141 iniquis
1395 4056 1439 4121 ad

295 4170 544 4253 ignominiosam
566 4177 703 4235 mortem
726 4179 887 4253 tanquam·
902 4169 1083 4250 maleficos,
1105 4168 1285 4233 secundum
1307 4188 1438 4233 carnem

365 4528 386 4597 1)
406 4530 457 4581 001.
477 4530 527 4581 215
546 4529 579 4580 h.
736 4530 758 4597 ²)
778 4530 829 4581 001.
849 4530 900 4581 ns
918 4530 943 4582 c
961 4531 1020 4582 ors.
1178 4530 1199 4597 ⁸)
1218 4531 1310 4583 sens
1323 4533 1354 4597 1,
1371 4532 1395 4582 s.
1431 4549 1454 4569 ·
