3225 5217
1274 506 1314 574 et

176 687 327 768 citatum,
367 687 444 750 item
477 685 616 748 forsitan
649 703 702 767 qu.
737 684 807 766 64,
849 687 878 748 si
912 705 955 749 ex
989 683 1104 750 eadem
1137 685 1179 750 de
1212 687 1318 754 tribus

177 796 443 881 Quadragesimis
474 795 644 862 servandis
671 795 822 860 doctrina
852 803 953 880 atque
981 797 1230 890 iisdem'verbis
1253 819 1317 864 non

119 961 125 968 .
176 911 289 993 paucis
311 917 401 973 recte
424 907 573 973 Oudiuus
597 907 775 989 conclusit,
806 929 877 972 earu
909 907 1054 993 ejusdum
1077 913 1219 976 auctoris
1244 931 1342 976 esse·

177 1041 250 1084 cum
266 1019 426 1084 Tractatu
445 1018 487 1083 de
510 1020 615 1084 tribus
631 1019 900 1104 Quadragesimis
913 1020 957 1102 ¹),
973 1022 1030 1104 qui
1052 1021 1127 1084 aum'
1147 1025 1317 1107 septimam

177 1130 338 1215 synodum
360 1138 536 1213 memoret,
559 1151 638 1196 sane
660 1134 851 1196 recentioris
873 1130 1010 1217 alicujus
1031 1133 1121 1198 fet-us
1144 1141 1204 1210 est
1247 1133 1319 1200 Re·
1381 1111 1387 1116 ⁸

176 1242 286 1326 liquae
298 1248 408 1306 autem
428 1243 639 1325 quaestiones
656 1245 797 1328 tempori
809 1243 976 1308 Anastasii
992 1246 1095 1308 nostri
1111 1245 1326 1328 conveniunt,

176 1356 223 1417 ita
254 1353 387 1436 quidem
422 1363 460 1420 ut
492 1353 667 1420 nonnullae
705 1356 916 1437 quaestiones
955 1357 1150 1440 scriptorem
1186 1357 1319 1422 saeculo

177 1446 317 1549 septimo
339 1468 484 1550 priorum
512 1469 643 1551 penitus
673 1465 852 1530 excludant
879 1487 987 1550 neque
1018 1446 1124 1531 solum
1154 1468 1263 1554 quoad
1286 1469 1319 1535 S.

177 1577 359 1642 Maximum
381 1578 520 1660 aliisque
538 1576 670 1642 saeculo
687 1587 785 1642 sexto
800 1579 948 1663 juniores
961 1575 1128 1662 citatos⁹),
1151 1577 1320 1644 sedetiam
1351 1643 1354 1648 ,
1405 1641 1407 1646 .
1433 1641 1438 1650 .

177 1688 288 1772 quoad
311 1711 368 1754 eas
388 1692 479 1774 ipsas
490 1692 740 1787 responsionum
759 1699 888 1774 partes,
911 1711 996 1774 quac
1017 1693 1112 1774 qrrasi
1129 1712 1170 1755 ex
1188 1694 1321 1776 propria

76 1779 83 1888 s
176 1808 286 1865 mente
309 1799 526 1886 depromptae
552 1801 766 1885 scriptoribus
782 1803 891 1866 citatis
909 1777 1173 1887 praeponuntur.¹
1197 1801 1320 1885 Atque,

177 1920 215 1975 ut
236 1911 390 2000 exempla
411 1913 592 1996 proferam,
617 1931 670 1995 qu.
684 1913 733 1975 16.
756 1920 867 1976 narrat
876 1909 916 1994 ³),
939 1912 1134 1978 monachum
1158 1911 1321 1996 quendam

178 2021 245 2087 CP'.
274 2043 348 2087 cum
370 2023 444 2087 Deo
473 2026 506 2086 in
535 2023 745 2108 simplicitate
775 2023 996 2109 disceptasse,
1027 2009 1116 2108 quod
1138 2023 1283 2089 Phocam
1294 2021 1321 2107 ⁴)

176 2141 351 2218 tyranuum
372 2136 603 2220 imperatorem
625 2135 779 2214 fecisset,
813 2134 872 2200 sed
901 2157 921 2198 a
943 2135 1017 2200 Deo
1045 2155 1239 2219 responsum
1261 2155 1321 2200 ac-

178 2249 326 2329 cepisse,
363 2246 439 2310 ideo
473 2246 615 2327 factum,
654 2245 744 2328 quod
777 2246 871 2312 Deus
908 2249 1098 2330 nequiorem
1133 2247 1321 2319 invenisset,

178 2356 308 2421 Deinde
337 2365 449 2421 narrat
475 2379 528 2440 qu.
552 2359 601 2422 18.
612 2356 638 2440 ⁸)
667 2357 857 2421 Mauritium
879 2357 1115 2443 Imperatorem
1125 2355 1170 2440 ⁶),
1201 2377 1273 2422 cum
1303 2377 1323 2420 a

120 2513 127 2522 -
178 2467 252 2532 Deo
274 2471 523 2553 petivisset,.ut
544 2471 578 2532 in
599 2469 662 2532 hoo
684 2468 806 2532 mundo
824 2489 948 2554 poenas
974 2469 1080 2534 lueret
1097 2491 1159 2556 pro
1177 2471 1322 2554 peccatis

179 2582 261 2662 suis,
283 2580 406 2644 vidisse
429 2582 462 2644 in
484 2581 608 2644 somnis
630 2579 794 2670 quendam
817 2579 977 2646 illustrem
998 2601 1129 2666 regem,
1153 2579 1322 2665 jubentem

181 2712 218 2755 se
254 2691 341 2756 tradi
369 2691 505 2756 Phocoe
532 2690 644 2774 milit-i,
681 2691 716 2754 id
753 2691 842 2775 quod
876 2702 994 2778 postea
1022 2689 1187 2757 acciderit
1238 2689 1323 2754 Tum

182 2823 235 2886 qu.
264 2806 316 2867 st
343 2787 491 2887 Cyprum
519 2811 648 2888 captam
678 2802 802 2888 allegat
810 2801 846 2886 ῒ).
890 2802 1022 2888 Cyprus
1053 2811 1162 2868 autem
1191 2803 1323 2888 saepius

182 2935 201 2978 a
231 2914 404 2980 Saracenis
436 2915 708 3000 expugnabatur,
745 2917 923 3000 praecipue
952 2918 1045 2979 anuis
1074 2915 1136 2978 647
1166 2914 1219 2978 vel
1249 2914 1323 2995 648,

183 3034 216 3090 et
239 3027 302 3090 806
331 3026 387 3090 val
416 3023 525 3108 807⁸).
568 3024 724 3106 Accedit,
758 3025 848 3108 quod
878 3033 993 3106 auctor
1022 3047 1075 3109 qu.
1098 3027 1148 3090 96.
1171 3032 1323 3105 testatur,

183 3234 710 3242 mmw———m.ffl›--.-.ffl-.
720 3235 732 3241 0
745 3235 810 3242 ->-.-.
824 3235 927 3242 ..-t-...mm
940 3229 1318 3242 .........-....--.-·.---..-.----——*..-

253 3368 275 3434 ¹)
294 3368 348 3420 vid.
368 3371 440 3420 iufra
457 3385 517 3436 esp.
534 3370 583 3422 VI.
601 3372 626 3422 (i.

252 3463 275 3530 ²)
294 3461 401 3514 Citatur
418 3469 511 3514 autern
528 3461 555 3514 S.
574 3463 712 3514 Maximus
729 3464 890 3530 plerumque
911 3467 950 3516 ita
973 3469 1050 3530 apte,
1072 3470 1104 3516 ut
1128 3480 1145 3516 a
1168 3467 1324 3530 posteriore

183 3573 265 3610 manu
284 3573 347 3608 eum
364 3558 557 3624 interpolatum
576 3573 637 3610 esse
656 3557 766 3608 difficile
785 3559 903 3610 credam.
938 3560 1073 3626 Exempla
1090 3565 1154 3641 squt
1171 3560 1245 3624 qus
1262 3563 1290 3610 et
1299 3560 1323 3610 9.

253 3653 276 3718 ⁸)
295 3653 345 3704 ool.
365 3654 424 3704 tto.
738 3653 760 3719 ⁴)
779 3669 854 3719 regn.
874 3655 908 3704 ab
927 3670 951 3704 a.
970 3655 1116 3706 eor-610.

252 3747 275 3814 ⁸.)
294 3748 346 3798 col.
365 3747 466 3800 6011).
737 3747 759 3813 ⁸)
778 3763 853 3814 regu.
874 3749 908 3799 ab
926 3764 950 3800 a.
971 3749 1116 3800 682—602.

254 3842 277 3908 ²)
296 3843 348 3893 col.
368 3843 418 3894 tat
437 3847 465 3894 et
483 3845 548 3895 733:
572 3839 643 3907 „itui
661 3850 721 3915 γοῦν
739 3838 798 3915 πρὸ
819 3837 933 3916 ὀλίγου
951 3838 1075 3928 χρόνοι)
1099 3852 1153 3918 τῆς
1172 3840 1325 3926 diuisque

184 3933 318 4009 Κύπρου
337 3932 537 4009 παραγενόμενός
548 3933 783 4010 τιςφιὶῶσιςοςιαὶ
801 3933 885 4010 ἰατρὸς
903 3934 1019 4011 σοφιστὴς
1037 3934 1062 3988 ἐν
1080 3947 1124 4008 τῷ,
1135 3933 1262 4010 papwpiqr
1280 3944 1325 3988 τοῦ
1368 3935 1372 3950 “

185 4028 257 4103 ἁγίου
275 4026 436 4103 Έπιφανὶου,
463 4027 504 4082 καὶ
527 4028 659 4107 θεωρήσας
680 4028 708 4084 τὸ
733 4028 832 4106 πλῆθος
855 4043 904 4084 ecus
928 4028 1076 4103 πασχιὶντων
1094 4029 1178 4104 itaqu·
1214 4027 1326 4084 Δύνασθι

184 4135 216 4199 τῇ
234 4121 341 4200 βοηθιὶᾳ
358 4133 403 4176 τοῦ
422 4123 488 4177 Θεοῦ
507 4123 548 4177 διὰ
565 4122 659 4200 διαίτης
676 4121 740 4183 τινὸς
757 4123 799 4178 καὶ
817 4123 940 4180 treuna
951 4123 1097 4199 aaddpmus
1111 4123 1152 4178 rai
1165 4121 1326 4198 &pauitans

186 4215 316 4285 idoneitas,
339 4217 381 4273 καὶ
405 4218 435 4296 δὴ
461 4218 527 4294 perd
549 4219 659 4273 κέλευσιν
684 4229 729 4272 τοῦ
754 4216 950 4293 ἀρχιιιιισκὸπου
969 4217 1129 4295 ἐπιχειρήσας
1146 4216 1204 4280 τοὺς
1221 4215 1323 4280 πλείοις

187 4309 302 4367 ἶάιατο.“

256 4410 282 4477 ⁸)
301 4412 337 4462 ci.
360 4415 452 4462 uotam
479 4411 608 4462 adhunc
632 4410 723 4462 locum
747 4413 775 4460 in
799 4409 865 4484 Edit
887 4409 987 4484 ingan
1014 4409 1196 4476 Dsmbsrgsr,
1223 4407 1326 4460 Histor.

186 4505 296 4571 synchr.
314 4510 379 4556 tom.
397 4506 432 4558 11.
456 4521 482 4572 p.
501 4508 551 4572 ³2,
569 4506 633 4571 5013
663 4510 727 4556 torn.
744 4503 794 4556 111.
812 4521 839 4570 p.
859 4505 906 4572 24,
933 4507 997 4570 7913
1024 4504 1121 4556 Tabul.
1147 4503 1267 4556 chronol.
1291 4501 1327 4554 ud
1426 4571 1430 4588 Ι

1120 4601 1136 4657 6
