3225 5217
1254 532 1292 595 11

159 712 339 797 interjacet.
384 708 453 777 Sed
482 710 546 773 hoc
570 707 659 791 quod
688 711 794 773 sentio
817 730 930 773 verum
952 707 1043 772 dico:
1072 715 1107 771 et
1128 708 1161 771 in
1182 704 1296 770 charta
1408 777 1418 786 q

159 824 237 887 milri
258 844 349 887 meus
361 830 473 887 vestra
496 825 566 887 sine
588 822 703 885 charta
725 822 880 904 loquitur,
901 823 979 903 qnia
996 822 1030 882 in
1041 818 1151 883 verbis
1163 826 1296 883 vestrae

160 936 343 999 sanctitatis
373 934 445 998 sola
473 933 615 997 charitas
641 941 754 1015 sonat3
792 941 827 996 et
846 931 943 995 divisi
970 930 1052 995 locis
1079 950 1146 993 non
1174 948 1296 1008 sumus,

160 1049 217 1129 qui
244 1066 288 1109 ex
320 1044 405 1109 dono
434 1044 665 1127 omnipotentis
687 1043 820 1107 Domini
848 1042 1033 1105 dilectionis
1054 1040 1186 1103 vinculo
1214 1039 1298 1102 uniti

160 1178 280 1222 sumus.
328 1154 395 1219 Cur
421 1155 521 1239 igitur
549 1156 699 1237 accipere
721 1174 848 1237 pennas
868 1151 1039 1217 columbae
1061 1150 1297 1236 deargentatae

160 1268 334 1350 quaeritis,
369 1285 451 1348 quas
480 1264 548 1349 jam
581 1262 734 1328 habetis?
795 1264 930 1327 Pennas
945 1256 1086 1347 'quippe
1119 1262 1190 1345 ejus
1221 1266 1298 1323 sunt

160 1372 302 1441 ebaritas
324 1376 388 1439 Dei
418 1383 452 1439 et
481 1377 633 1460 proximi.
676 1376 743 1439 Per
768 1377 859 1460 ipsas
889 1378 974 1438 enim
1003 1381 1119 1439 sancta
1145 1370 1298 1435 Ecclesia
1379 1378 1405 1407 ‘

78 1545 80 1550 ,
161 1487 289 1568 evolat,
312 1507 372 1571 per
394 1488 484 1571 ipsas
506 1493 637 1551 terrena
659 1487 767 1548 omnia
787 1484 1007 1549 transcendit:
1029 1504 1113 1567 quaa
1135 1485 1165 1547 si
1184 1490 1299 1547 vestra

161 1600 317 1663 sanetitas
339 1616 405 1661 non
426 1595 574 1677 haberet,
595 1594 638 1659 ad
660 1615 712 1659 me
729 1615 802 1659 cum
820 1602 913 1659 unta
927 1596 1087 1659 charitate
1098 1615 1158 1679 per
1169 1594 1297 1659 litteras

159 1730 225 1773 non
246 1711 402 1773 venisset.
444 1706 542 1794 Rogo
571 1714 699 1788 autem,
734 1714 771 1771 ut
799 1726 860 1791 pro
887 1708 952 1769 mei
979 1705 1089 1770 cordis
1109 1706 1297 1769 infirmitate

162 1823 289 1885 enixius
311 1822 452 1905 rogetis,
486 1827 648 1903 quatenus
671 1820 875 1904 omnipotens
898 1818 990 1881 Deus
1018 1824 1161 1880 mentem
1190 1836 1297 1880 meam

160 1940 272 1996 vestra
294 1933 529 1995 intercessione
550 1938 701 2012 tueatur,
734 1937 768 1993 et
796 1932 892 1993 citius
917 1925 1036 1992 mede
1063 1934 1114 1990 tot
1142 1925 1297 2011 procellis

160 2043 256 2127 hujus
285 2043 492 2127 tempestatis
520 2043 654 2125 eripiet,
690 2048 791 2131 atque
817 2042 851 2103 in
878 2048 1014 2104 aeterna
1039 2039 1159 2121 quietis
1186 2036 1300 2102 littora

159 2151 328 2237 perducat.
380 2151 632 2216 Benedictiones
660 2172 740 2215 vero
770 2150 1042 2235 locupletissimae
1068 2167 1181 2213 omues
1211 2166 1298 2229 quae

159 2260 304 2327 directae
335 2271 426 2345 sunt,
459 2265 607 2347 suscepi,
641 2282 723 2345 quas
752 2263 831 2325 mibi
857 2263 908 2324 vir
934 2261 1001 2324 Dei
1026 2259 1297 2344 pauper.spiritu

159 2375 382 2455 transmisisti,
415 2372 456 2437 de
480 2372 598 2457 quibus
621 2372 742 2436 dicitist
779 2370 869 2451 Quid
895 2373 981 2435 enim
1001 2369 1062 2435 det
1081 2389 1208 2454 pauper
1233 2370 1298 2433 nisi

160 2503 296 2565 eaquae
318 2487 450 2568 paperis
472 2483 571 2549 sunt?
605 2482 674 2548 Sed
694 2484 757 2547 nisi
768 2502 831 2546 vos
852 2502 914 2565 per
934 2480 1128 2545 humilitatis
1147 2481 1298 2564 spiritum

159 2614 322 2679 pauperes
345 2598 473 2677 essetis,
495 2594 742 2661 benedictiones
764 2603 897 2659 vestrae
919 2592 1103 2676 locupletes
1124 2611 1190 2655 non
1211 2590 1298 2653 iuis·

160 2714 243 2783 sent.¹
275 2703 490 2789 Omnipotens
505 2707 598 2771 Deus
619 2724 750 2769 suavos
768 2726 790 2769 a
803 2701 898 2768 mam
917 2702 1069 2768 omnibus
1090 2695 1297 2786 protectione

158 2814 329 2880 defendat:
363 2825 397 2881 et
419 2819 572 2899 quoniam
594 2819 664 2881 vita
685 2824 797 2880 vestra
825 2815 919 2879 bonis
943 2814 1094 2878 omnibus
1115 2810 1214 2875 valde
1246 2819 1298 2875 est

157 2928 352 3007 necessaria,
374 2935 452 3011 post
465 2926 565 3013 longa
582 2926 691 2991 adhuc
708 2934 859 3011 tempora
869 2946 930 2989 vos
944 2924 988 2989 ad
1001 2924 1156 2990 coelestis
1170 2922 1297 3007 patriae

156 3036 277 3121 gaudia
305 3036 464 3122 perducat
473 3038 501 3099 “.
546 3037 615 3103 Sed
642 3058 742 3121 quum
764 3039 948 3101 arctissimo
970 3035 1035 3100 hoc
1067 3034 1231 3099 amicitiae
1262 3038 1297 3094 et

55 3204 63 3220 ,
157 3146 324 3209 charitatis
336 3145 466 3209 vinculo
478 3149 643 3233 conjuncti
656 3155 777 3230 essent,
799 3156 909 3213 tamen
926 3166 992 3211 non
1009 3148 1042 3209 in
1054 3146 1141 3209 omni
1158 3161 1296 3227 prorsus

156 3276 192 3321 re
205 3256 341 3323 eandem
360 3267 502 3323 mentem
515 3258 688 3323 habebant.
723 3259 832 3337 Quum
851 3260 935 3323 enim
946 3257 1143 3321 Anastasius
1160 3255 1296 3317 univer-

71 3371 75 3389 *
156 3366 234 3431 salis
249 3368 455 3451 vocabulum,
484 3391 504 3434 a
522 3368 887 3453 Constantinopolitano
903 3368 1077 3453 Episcopo,
1092 3371 1296 3449 usurpatum,

155 3502 219 3545 non
230 3484 339 3567 magni
354 3483 513 3546 interesse
525 3483 662 3545 sentiret
683 3479 990 3565 atqneGregorium
1005 3479 1149 3565 maligno
1166 3475 1295 3560 spiritui

156 3595 279 3657 animas
292 3594 463 3675 quaerenti
482 3591 625 3655 cribrare
640 3612 701 3675 pro
717 3591 809 3655 nulla
819 3612 918 3655 cansa
936 3590 1042 3656 locum
1055 3588 1134 3653 dare
1145 3586 1295 3669 dixisset,

155 3703 219 3767 hoc
242 3707 272 3769 ei
296 3702 476 3789 Gregorius
504 3724 569 3767 non
593 3705 754 3768 consentit
781 3710 883 3787 etque
904 3722 945 3767 eo
967 3700 1129 3767 vocabulo
1152 3699 1295 3783 superbo

154 3813 253 3878 fidem
274 3814 445 3879 Ecclesiae
467 3816 632 3899 corrumpi
654 3812 824 3879 contendit
838 3814 871 3896 ¹).

224 4123 246 4189 ¹)
264 4124 325 4173 Lib.
344 4123 405 4174 Vll.
424 4138 466 4189 ep.
485 4125 526 4175 27.
545 4122 610 4173 data
628 4122 719 4173 indict.
738 4122 819 4173 XV.:
839 4121 941 4189 „Quod
958 4137 1024 4173 vero
1043 4121 1134 4173 dicitis
1152 4136 1201 4186 pro
1219 4122 1295 4171 nulla

120 4224 124 4234 '
155 4232 239 4267 causa
261 4217 325 4267 dare
349 4232 399 4267 nos
423 4218 515 4269 locum
540 4217 668 4268 seandalo
695 4232 749 4267 non
777 4216 894 4282 debere,
919 4216 988 4268 liaeo
1012 4216 1079 4267 milri
1102 4203 1131 4267 et
1156 4218 1294 4280 piissimus

153 4312 285 4363 Dominus
302 4310 374 4363 illius
390 4315 490 4369 ¹noster
506 4314 629 4376 scripsit,
656 4315 685 4362 ct
701 4311 774 4375 quod
791 4312 839 4362 illa
856 4326 892 4362 ax
909 4315 1063 4377 potestate,
1086 4312 1144 4361 scio
1162 4310 1296 4375 quiahoc

154 4423 203 4457 vos
221 4424 257 4459 ex
275 4423 366 4459 amore
384 4408 492 4459 dicitis.
505 4444 510 4455 .
523 4443 548 4456 ..
567 4406 625 4457 Vos
643 4410 733 4457 tamen
751 4407 866 4457 eandem
878 4420 990 4457 canaam
1007 4404 1110 4455 nullam
1128 4419 1190 4455 esse
1203 4405 1295 4455 dicere

153 4516 206 4552 non
225 4501 362 4567 debetis,
378 4505 441 4567 quia
459 4503 483 4553 si
500 4501 571 4553 tane
593 4503 787 4566 aequanimiter
810 4505 966 4568 portamus,
992 4502 1137 4551 universae
1153 4498 1294 4551 Ecclesiae
