3225 5217
278 517 340 582 142

276 711 316 755 eo
343 693 524 757 remetieris
553 690 648 756 mihis
678 691 797 776 siper
824 688 1064 755 simulationem
1079 688 1182 774 lingo
1210 706 1265 752 me
1286 685 1415 750 venism

276 806 372 888 ders,
400 807 498 870 etism
519 823 582 888 per
601 801 841 868 simulationem
870 801 1127 866 misericordium
1156 801 1266 865 iictsm
1295 819 1416 864 conse*

275 939 366 1006 quor.
404 915 477 1000 Ego
500 923 615 980 contra
635 916 876 998 memetipsum,
896 935 918 977 o
936 913 1092 994 Domine,
1113 915 1310 978 sententiam
1331 911 1415 975 iero.

201 1109 202 1112 Ἴ
274 1029 399 1096 Audivi
428 1029 514 1094 enim
539 1025 743 1092 tremendum
766 1024 904 1090 verbum
931 1033 1039 1088 tuum:
1070 1023 1137 1107 „ln
1169 1044 1236 1107 que
1262 1043 1416 1088 mensure

274 1144 379 1208 mensi
399 1140 547 1219 fueritis,
569 1140 759 1202 remetietur
780 1136 899 1201 vobis“
916 1135 948 1220 ¹).
979 1133 1042 1199 Ilt:
1064 1134 1211 1218 „Sinon
1227 1135 1415 1200 dimiseritis

275 1251 459 1320 hominibus
481 1257 619 1335 peeests
641 1269 771 1330 eorum,
793 1268 903 1332 neque
924 1249 1027 1312 Pater
1048 1255 1161 1312 vester
1184 1246 1339 1312 coelestis
1361 1245 1415 1308 di-

274 1366 383 1429 mittet
404 1363 529 1429 νοῑνίεα
544 1361 578 1444 ²).
623 1359 711 1426 Huic
733 1359 909 1426 verborum
933 1369 1078 1442 tuorum,
1111 1379 1198 1443 quse
1224 1359 1311 1424 isles
1341 1377 1416 1423 esse

274 1497 340 1542 nou
361 1483 510 1562 possunt,
531 1473 756 1539 testificationi
779 1472 879 1536 iidem
900 1472 1010 1553 bubni,
1040 1481 1076 1536 et
1098 1470 1216 1552 dimisi,
1237 1473 1416 1556 ignoviqne

275 1588 355 1670 illis,
378 1590 435 1670 qui
455 1607 508 1651 me
531 1583 755 1650 offenderunt:
779 1583 907 1649 dimitte
927 1586 1038 1670 igitur,
1061 1605 1082 1648 ο
1103 1584 1255 1663 Domine,
1277 1585 1362 1646 sicut
1382 1588 1418 1646 et

277 1720 339 1786 ego
362 1700 537 1764 ‘conservis
559 1697 675 1761 dimisi
718 1697 815 1761 Hsec
843 1697 1007 1775 dieamus,
1041 1695 1125 1760 baec
1157 1694 1304 1778 quotidie
1336 1715 1417 1778 pre-

276 1831 397 1892 cemur,
419 1809 498 1874 dum
513 1817 664 1894 tempore
681 1807 985 1891 tremendsestque
1002 1815 1234 1872 sacrosanctae
1248 1825 1417 1891 synaxeos

276 1917 532 2004 circumstsmus,
549 1920 640 2004 quod
659 1941 864 2006 cognoscens
875 1919 1031 1984 sacerdos
1048 1926 1126 2004 post
1136 1920 1421 1984 consecrationem*

276 2035 427 2099 sacrificii
455 2034 543 2098 illius
569 2035 730 2098 incruenti
758 2045 878 2118 penem
900 2035 989 2098 vitoe
1020 2032 1056 2095 in
1087 2032 1191 2096 elbum
1223 2031 1350 2111 elevat,
1383 2036 1418 2094 et

264 2145 426 2226 *omnibus
459 2148 565 2230 ipsum
599 2145 746 2212 ostendit
757 2143 794 2228 ⁸).·
836 2143 967 2210 Deinde
998 2144 1166 2210 exolsmst
1194 2143 1351 2207 dissonus
1382 2148 1418 2206 et

277 2257 375 2322 dicit:
398 2303 418 2338 „
426 2256 646 2322 Attendamus
655 2258 675 2294 ‘⁴
689 2255 732 2341 ⁴),
766 2255 831 2322 boc
854 2265 921 2322 est:
954 2255 1117 2321 attendito
1137 2255 1253 2336 vobis,
1285 2254 1415 2318 iratres.

276 2367 365 2434 Ecce
387 2368 486 2454 poulo
510 2377 587 2434 ente
606 2351 1016 2450 consensistis,'dicentss:
1038 2367 1230 2450 „Habemus
1252 2364 1354 2430 cordo
1374 2362 1418 2428 sd

277 2479 485 2544 Dominum“.
517 2479 563 2544 Et
584 2501 662 2544 mox
685 2501 767 2565 puro
790 2479 890 2544 corde
913 2488 948 2544 et
969 2479 1059 2563 quod
1081 2498 1209 2543 omnem
1230 2479 1416 2563 injuriarum

277 2592 467 2656 memorium
488 2590 652 2676 deposuit,
674 2592 956 2658 confitentesDeo
971 2590 1123 2656 dixistis:
1148 2590 1306 2672 „Dimitte
1320 2587 1416 2652 nobie

278 2705 363 2768 siem
385 2711 420 2768 et
440 2724 501 2770 nos
523 2703 714 2768 dimittimus
736 2701 941 2768 debitoribus
967 2703 1129 2768 nostris‘t
1173 2697 1358 2786 Propterea
1384 2707 1419 2764 et

277 2835 339 2879 vos
360 2816 501 2882 invicem
523 2815 668 2900 amplexi
698 2819 777 2881 estis
806 2818 840 2879 in
868 2815 982 2880 osculo
1008 2816 1110 2900 pscis.
1151 2811 1222 2879 Sed
1252 2833 1326 2876 oum
1354 2833 1418 2899 ego

279 2927 340 2990 sim
362 2926 480 3008 bomo,
508 2929 663 3012 ignorans
686 2935 818 3006 vestros
841 2928 1076 3012 cogitationes,
1107 2925 1235 2989 illorum
1257 2924 1376 3009 objicio
1397 2944 1419 2988 s

279 3037 523 3122 mejudicium:
559 3060 623 3104 non
651 3041 736 3104 euim
762 3042 842 3104 novi
872 3042 947 3123 quie
976 3038 1096 3124 diguus
1123 3059 1167 3101 sn
1195 3035 1349 3122 indignus
1376 3039 1420 3100 sit

278 3149 394 3216 horum
414 3153 645 3234 mysteriorum
667 3154 888 3236 perceptione
921 3149 968 3214 Et
989 3149 1032 3214 ob
1054 3149 1119 3214 hoo
1138 3151 1247 3234 ipsum
1268 3148 1418 3228 inclamo,

279 3269 316 3326 ut
338 3263 434 3328 vobis
455 3261 645 3346 attendatis,
669 3271 702 3328 et
723 3265 973 3356 euilsssiststis,
995 3261 1221 3327 consideretis.
1258 3258 1421 3345 Adjungit

279 3373 398 3440 deinde
431 3375 605 3440 sacerdos:
639 3421 659 3457 „
668 3373 790 3442 Sancte
823 3374 983 3441 Βενεοεὶειι
997 3373 1032 3458 ⁵).
1077 3372 1166 3453 Quid
1197 3365 1280 3437 vero
1313 3368 1419 3434 dicit?

278 3485 400 3552 Videte
431 3486 626 3568 charissimi,
662 3486 829 3570 quomodo
862 3486 906 3551 sd
943 3488 1202 3552 communionem
1235 3484 1417 3550 divinorum

278 3602 509 3682 mysteriorum
531 3597 714 3680 secedatis,
744 3619 786 3663 ne
817 3600 891 3682 quis
913 3605 1060 3662 vestrum
1082 3598 1322 3661 communicare
1343 3602 1420 3670 teu-

278 3718 372 3792 uns,
406 3705 533 3776 audiet:
566 3709 619 3774 Ne
647 3731 699 3772 me
721 3718 855 3795 tanges,
888 3707 1075 3774 abscedes
1095 3729 1165 3790 me,
1198 3709 1255 3790 qui
1282 3706 1420 3791 injuriae

281 3823 426 3887 retinens
456 3842 511 3905 es,
544 3830 578 3886 et
604 3824 809 3905 iniquitatem
836 3823 993 3906 opereris.
1042 3819 1165 3884 Procul
1191 3819 1326 3900 abesto,
1360 3818 1419 3900 qui

391 4130 488 4181 niatu
509 4135 539 4198 r,
558 4132 582 4181 r.
845 4130 1068 4197 .².‚)Mauns
1087 4131 1127 4180 ιν.

349 4131 462 4292 ⁸3„0
417 4221 493 4299 Οἱερ
495 4245 521 4276 ευ
523 4243 535 4283 ς
554 4223 614 4299 μετὰ
632 4220 659 4278 τὸ
678 4221 938 4300 ἁγιασθηναιτῂνυ
876 4222 1034 4278 institutor
982 4203 1102 4298 νκεεὶνην
1114 4219 1421 4297 τὴνᾶνίαμακτονάννψοῐ

279 4314 321 4372 τὸν
341 4317 414 4392 ἄρτον
433 4329 477 4394 τῆς
480 4243 578 4396 pleps,
596 4339 637 4372 και
630 4330 729 4372 iudom
748 4317 823 4372 αὑτὸν
842 4317 971 4374 ὑποδεικν’
944 4323 1004 4372 νυειι
1006 4321 1097 4388 ‘.(ool
1115 4322 1165 4372 841
1184 4319 1232 4386 A).

341 4414 448 4487 ⁴,llp),
435 4418 573 4487 ροσχῶμενι
575 4407 702 4481 ι(ἱῑνίὰἶ).

350 4509 399 4575 ⁸,)
401 4505 478 4572 ,ltr'
465 4527 522 4582 αγια
540 4516 592 4566 τοῖς
611 4506 698 4582 ὀιγίοιςι
701 4509 793 4578 ‘(eol.
812 4512 862 4562 841
881 4509 925 4576 B).

828 4625 846 4665 Ι
