3225 5217
1258 520 1299 585 29

162 691 244 757 haec
266 690 391 757 dicens:
414 696 464 776 „si
476 690 605 778 Corpus
617 690 740 759 Christi
762 691 976 779 corruptibile
999 692 1091 776 dicis,
1113 698 1299 759 necessario

162 802 244 869 duas
265 806 298 867 in
314 800 448 869 Christo
470 814 604 870 naturas
627 806 775 870 confiteri
798 804 910 871 debes.
943 804 989 868 Et
1011 808 1094 871 haec
1115 806 1178 869 fuit
1200 826 1300 871 causa

162 938 220 980 cur
242 918 380 1001 sejuncti
402 920 499 982 sint“.

248 1028 321 1093 Hos
348 1034 459 1114 itaque
488 1030 673 1095 haereticos
706 1054 942 1119 aggressurus,
976 1041 1053 1117 apte
1086 1030 1218 1115 quidem
1242 1029 1328 1093 VI.-

162 1144 270 1226 oapite
293 1163 336 1205 ex
360 1162 399 1205 eo
422 1146 546 1227 incipit,
569 1132 685 1223 „unde
708 1145 881 1209 monocula
902 1143 1019 1210 Severi
1042 1144 1125 1209 tides
1156 1143 1300 1228 pullula-

161 1257 273 1318 verit“
290 1254 322 1337 ¹).
367 1255 478 1339 Atque
502 1255 661 1321 Severum
685 1257 817 1339 quidem
847 1266 974 1336 narrat,
1008 1257 1051 1320 ob
1079 1276 1184 1341 prava
1214 1275 1300 1338 quae

162 1372 275 1429 contra
286 1366 456 1429 concilium
465 1366 734 1433 Chalcedonense
746 1369 940 1453 protulisset
950 1368 1300 1455 dogmata,Antiochia

161 1476 291 1560 pulsum
302 1478 485 1561 proiectum
498 1500 571 1543 esse
584 1478 832 1562 Alexandriam,
844 1483 878 1543 in
894 1480 996 1560 „illud
1008 1483 1218 1565 serpentium,
1236 1482 1256 1547 i.
1271 1500 1300 1543 e.

162 1588 342 1653 catholicae
364 1588 536 1655 Ecclesiae
556 1592 715 1671 hostium,
752 1591 890 1655 lustrum
899 1594 919 1627 “
933 1590 976 1675 ¹),
1015 1591 1126 1675 ibique
1156 1591 1300 1672 „librum

162 1699 321 1782 edidisse,
351 1721 448 1784 quem
471 1710 630 1767 vocarent
652 1695 846 1788 φιλαλήθη,
876 1724 948 1766 cum
971 1706 1081 1787 potius
1105 1696 1302 1788 φιλομυθνζς

162 1820 251 1876 esset
273 1812 503 1893 nominandus,
534 1815 567 1875 iu
591 1832 656 1897 quo
686 1822 841 1897 tanquam
863 1816 1012 1877 rivorum
1043 1822 1077 1880 et
1098 1821 1300 1878 mortuorum

106 1930 110 1937 '
156 1924 262 2008 judex
285 1932 357 1987 cum
379 1926 638 1989 testimoniorum
657 1933 726 1989 tum
743 1928 889 2010 ipsorum
908 1925 1043 1989 Petrum
1060 1928 1300 2009 composuisset

160 2034 322 2115 tabulam,
345 2056 405 2119 pro
428 2035 531 2099 lubito
555 2035 638 2100 alios
661 2035 793 2120 quidem
816 2036 1013 2121 approbans,
1035 2036 1185 2120 rejiciens
1206 2035 1299 2101 alios.

161 2148 267 2227 Quem
289 2147 407 2213 librum
429 2146 600 2211 Ecclesiae
629 2148 758 2229 hostes,
789 2147 926 2228 Jacobi,
954 2146 1088 2229 Severi,
1110 2145 1300 2229 Theodosii,

160 2258 323 2325 Timothei
346 2260 564 2343 Dioscorique
595 2259 775 2345 discipulos
804 2280 877 2345 per·
892 2258 1022 2343 Syriam
1053 2267 1088 2322 et
1107 2259 1300 2343 Aegyptum

159 2394 238 2457 prae
262 2372 372 2436 divino
394 2370 574 2437 secundum
592 2370 753 2436 Joaunem
777 2370 950 2456 evangelio
972 2368 1182 2454 retinerem).
1205 2370 1300 2450 Quae

160 2505 196 2549 se
211 2483 355 2548 scribere
370 2492 511 2548 testatur
533 2504 598 2547 non
621 2504 664 2548 cx
687 2483 823 2547 aliorum
845 2483 1014 2565 relatione,
1037 2481 1096 2548 sed
1113 2484 1302 2567 expropria

163 2598 369 2681 experientia
400 2616 464 2659 non
493 2596 640 2678 modica,
670 2596 702 2658 in
725 2594 840 2679 Syria,
871 2594 1047 2681 Aegypto,
1076 2593 1300 2659 Alexandriae

160 2705 298 2789 aliisque
320 2706 424 2772 locis“
434 2705 470 2790 ⁴).
505 2706 628 2773 Censet
644 2714 753 2771 autem
764 2706 1017 2790 Mouophysitas
1039 2726 1106 2788 „ex
1118 2704 1300 2771 Aristotele

162 2825 195 2882 et
206 2818 278 2883 aliis
291 2816 501 2883 Graecanicis
511 2817 700 2902 disciplinis,
719 2838 801 2901 quas
818 2837 920 2901 saepe
932 2818 1048 2901 carpit,
1068 2818 1131 2881 hoc
1141 2818 1301 2898 hausisse,

161 2936 196 2991 ut
208 2928 364 3012 dicerent,
387 2938 535 2994 naturam
553 2950 627 2993 csse
645 2948 820 3014 personam
840 2937 874 2993 et
890 2948 1064 3013 personam
1084 2927 1301 3011 naturam‘ii).

160 3040 395 3125 „Aristotelem
417 3044 502 3105 enim
525 3040 637 3105 dicere
659 3052 819 3125 personas
844 3059 918 3104 esse
945 3033 1084 3125 μερικάς
1113 3032 1253 3113 adolff
1266 3038 1302 3122 ⁸).

191 3196 194 3202 -
245 3152 339 3217 Haec
371 3154 471 3237 igitur
503 3172 603 3235 quum
637 3154 745 3236 capite
767 3149 826 3214 VI.
848 3148 1061 3232 disseruerit,
1094 3153 1204 3236 eapite
1226 3149 1301 3215 VIL

159 3266 265 3330 fusius
287 3264 507 3345 demonstrat,
536 3262 596 3331 SS.
620 3264 756 3327 Petrum
778 3264 966 3327 testimonia
988 3262 1031 3327 ab
1052 3264 1152 3346 impio
1174 3260 1301 3327 Severo

159 3378 283 3461 rejecta
310 3396 401 3457 esse,
436 3378 558 3460 quippe
581 3377 637 3459 qui
666 3374 771 3459 legem
801 3374 932 3439 tulerit:
966 3372 1114 3457 „multas
1144 3371 1303 3456 loquendi

159 3486 317 3553 formulas
339 3492 487 3551 veterum
509 3488 665 3568 Petrum,
699 3486 775 3551 olim
805 3484 933 3569 absque
955 3485 1024 3549 ulla
1045 3484 1301 3569 reprehensione

160 3606 350 3683 usurpatas,
383 3606 459 3682 post
488 3596 677 3663 Nestorium
711 3617 775 3662 uon
806 3597 935 3662 censeri
967 3595 1110 3681 amplius
1140 3603 1230 3659 tutas
1261 3613 1302 3658 ac

162 3808 693 3817 *mamm-*mm-

130 3974 133 3980 ·
215 3942 400 4009 ,¹)col.102.
505 3940 528 4007 ²)
547 3942 598 3993 col.
620 3942 679 3991 103.
783 3938 806 4005 ⁸)
825 3940 877 3991 col.
899 3939 956 3991 105.
1062 3938 1167 4005 ’)ί5ἰ(1.

230 4040 254 4106 ⁵)
273 4038 325 4090 col.
345 4039 394 4089 107
413 4038 447 4088 ef.
466 4036 517 4088 col.
536 4035 584 4101 55,
603 4037 667 4101 139,
688 4036 745 4086 148.

230 4133 252 4197 ⁸)
271 4126 335 4182 ibid.
354 4131 405 4182 col.
426 4134 482 4183 10⁷.
519 4131 564 4183 Sic
583 4134 665 4183 etiam
682 4130 815 4180 Leontius
829 4129 980 4195 Byzantius
998 4127 1032 4180 de
1050 4131 1132 4179 sect-is
1150 4132 1203 4178 act.
1221 4129 1255 4179 V.
1273 4131 1301 4179 iu

159 4228 212 4280 hue
230 4228 327 4292 refert,
354 4228 487 4278 Joanuem
504 4222 688 4291 Philoponur'n
706 4230 762 4277 tres
783 4224 886 4275 dixisse
909 4228 1021 4274 naturas
1045 4224 1073 4272 in
1090 4221 1140 4274 SS.
1158 4198 1307 4287 Triultate,

159 4318 287 4389 „ludium
312 4316 357 4395 τὴν
380 4316 496 4395 ἀφορμὴν
520 4316 570 4371 ἀπὸ
594 4330 644 4371 τῶν
673 4316 868 4392 ἀριστοτελικῶν.
901 4315 933 4369 ‘0
951 4314 1000 4389 γὰρ
1018 4313 1192 4389 Ἀριστοτέλης
1215 4311 1299 4389 φησὶν,

160 4410 200 4471 ὅτι
223 4412 270 4468 rici
293 4425 342 4467 τῶν
368 4410 467 4489 ἀτόμων
491 4410 532 4467 καὶ
557 4409 653 4488 prpnci
678 4409 760 4466 eiciat
777 4406 819 4464 καὶ
836 4406 880 4484 pis
897 4406 1002 4484 totuh‘h
1039 4409 1150 4477 (Migue
1166 4408 1240 4461 Patr.
1259 4424 1298 4475 gr.

158 4516 178 4563 c.
196 4513 239 4563 se.
258 4511 309 4563 σοι.
329 4508 417 4575 rrae)
