3225 5217
268 504 311 568 m

266 675 331 737 iter
351 671 395 737 ad
413 671 694 739 Antiochenomm
715 678 883 740 civitatem
906 677 1119 748 instituisset,
1141 678 1174 738 in
1190 674 1406 740 Athanasium

267 785 432 872 quendam
448 787 578 866 incidit,
596 786 726 852 odibilis
738 786 966 853 dacobitarum
979 788 1178 852 hierarchias
1189 787 1406 872 patriarcham

267 908 507 983 nuncupatum,
543 899 706 962 hominem
741 919 891 982 sermone
920 907 1124 983 promptum,
1160 908 1196 964 ct
1224 898 1407 984 improbum

212 1043 218 1054 ·
267 1013 378 1074 nativa
394 1009 552 1094 Syrorum
570 1008 758 1074 calliditate.
798 1008 948 1092 Cumque
966 1009 1029 1074 sibi
1047 1013 1186 1074 invicem
1206 1009 1248 1074 de
1269 1008 1407 1094 duplicis

268 1121 391 1187 Christi
411 1129 548 1186 naturae
570 1119 637 1186 fide
666 1125 961 1186 communicassent
990 1124 1187 1199 sententias,
1215 1120 1250 1184 id
1276 1119 1409 1184 tandem

270 1233 436 1318 pollicitus
460 1240 511 1297 est
532 1235 726 1318 imperator,
748 1236 777 1296 si
799 1232 862 1298 sibi
883 1254 1007 1298 morem
1029 1240 1175 1319 gereret,
1197 1239 1409 1316 sanctamque

269 1343 573 1410 Chalcedonensem
605 1343 768 1427 synodum
797 1347 1000 1430 susciperet,
1037 1347 1143 1429 lpsum
1174 1344 1245 1429 ejus
1274 1353 1408 1408 sanctae

269 1456 451 1521 catholicae
472 1454 644 1520 Ecclesiae
656 1455 894 1550 'Antiochense
914 1457 1136 1542 patriarcham
1158 1456 1232 1520 lore
1261 1476 1297 1520 se
1327 1477 1410 1520 con-

269 1571 428 1632 stiturum.
472 1565 550 1633 Sive
578 1569 678 1652 igitur
705 1567 930 1648 simulatione,
967 1569 1038 1632 siva
1065 1567 1130 1632 alio
1165 1570 1283 1651 quovis
1310 1565 1410 1630 modo

269 1679 415 1763 suscepit
447 1677 608 1762 synodum
641 1678 860 1759 Athanasius,
896 1678 1057 1762 simulque
1094 1678 1176 1743 duas
1213 1679 1245 1740 in
1276 1675 1408 1742 Christo

269 1792 377 1854 unitas
406 1797 542 1852 nat-uras
572 1789 745 1853 confessus
768 1797 829 1854 est.
873 1789 936 1854 His
957 1792 1004 1853 ita
1032 1791 1238 1874 compositis,
1271 1791 1343 1873 ipsc
1365 1787 1408 1852 de

270 1900 514 1984 operationibus
549 1908 583 1964 et
614 1900 839 1975 voluntatibus
872 1910 1084 1985 percontatur
1117 1901 1159 1964 ab
1193 1902 1407 1984 imperatore,

268 2012 438 2076 unicamue
458 2007 594 2076 ¹tautum
615 2032 658 2074 an
679 2011 828 2096 duplices
859 2012 919 2076 has
942 2015 1066 2096 pariter
1096 2015 1128 2075 in
1152 2011 1283 2078 Christo
1303 2033 1408 2096 opor-

272 2129 343 2190 teat
363 2123 521 2206 profiteri.
561 2123 772 2202 Quaestionis
793 2126 941 2188 novitate
964 2124 1214 2208 obstupefactus
1232 2127 1409 2208 imperator

271 2234 450 2317 (uunquam
484 2236 569 2298 enim
601 2254 707 2316 usque
741 2233 783 2298 ad
820 2234 904 2299 haec
936 2227 1050 2299 n'ostra
1081 2243 1246 2319 tempore
1264 2236 1409 2298 excitata

267 2344 402 2428 fuerat),
424 2344 466 2409 de
489 2345 540 2410 his
561 2343 606 2409 ad
627 2336 804 2422 Mart-inum
820 2345 841 2428 ¹)
864 2346 978 2410 scribit
999 2345 1340 2430 papamliomanam,
1363 2347 1409 2407 it-

267 2455 487 2539 idemquead
509 2455 662 2540 Sergium
685 2455 751 2520 GP.
776 2460 976 2542 episcopum.
1028 2457 1141 2540 Atque
1164 2477 1252 2541 papa
1275 2455 1408 2540 quidem

269 2566 414 2632 ostendit
442 2569 472 2631 ei
498 2569 598 2652 juxta
625 2565 684 2633 SS.
711 2569 848 2634 Patrum
876 2569 1101 2647 traditionem,
1134 2569 1190 2632 ubi
1219 2567 1305 2632 duae
1335 2588 1409 2632 esse

269 2688 447 2744 noscantur
473 2687 630 2761 naturae,
659 2689 771 2745 creata
792 2683 942 2746 nimirum
964 2691 1064 2764 atque
1086 2683 1250 2759 increata,
1282 2679 1328 2743 ihi
1349 2697 1410 2742 no-
1457 2687 1464 2694 ‘

270 2809 364 2856 cesse
388 2810 463 2854 esse
485 2793 608 2874 pariter
630 2812 893 2876 unamquamque
915 2793 1082 2858 naturales
1104 2811 1181 2856 suas
1197 2791 1410 2874 haberepro-

268 2903 445 2986 prietatem
468 2901 561 2982 duas,
584 2905 728 2986 inquam,
751 2904 939 2969 voluntates
959 2912 1061 2987 atque
1079 2905 1301 2988 operationes:
1324 2922 1410 2986 quo·

269 3035 340 3077 rum
368 3033 508 3094 namque
539 3013 691 3078 voluntas
721 3017 935 3098 operatisque
966 3037 1031 3078 una
1053 3017 1112 3094 sit,
1150 3013 1265 3119 horum
1287 3007 1449 3097 pariter*
1548 3061 1557 3070 .

270 3127 398 3189 unicam
433 3126 582 3205 omnino,
618 3146 684 3190 non
717 3125 880 3211 duplicem
916 3126 1112 3192 censendam
1147 3145 1220 3190 esse
1252 3129 1409 3188 naturam.

269 3235 364 3301 Haec
387 3245 420 3301 et
441 3234 628 3321 hujusmodi
651 3245 744 3319 erant
764 3237 900 3302 Martini
922 3239 1061 3303 litterae.

356 3347 492 3434 Sergius
515 3347 690 3430 vcroCP.,
712 3351 770 3432 qui
791 3349 919 3416 scilicet
941 3371 985 3414 ex
1008 3349 1105 3433 Syria
1126 3356 1276 3414 traxerat
1296 3369 1410 3432 genus,

270 3470 307 3526 ut
328 3461 451 3541 fertur,
488 3469 590 3544 atque
619 3479 664 3525 ex
686 3460 850 3527 Jacobitis
879 3460 1049 3548 prognatis
1076 3463 1179 3545 stirpe
1207 3459 1410 3541 dimanabat,

270 3573 397 3638 litteras
419 3571 464 3636 ad
481 3571 671 3638 Heraclium
693 3574 794 3639 dedit.
806 3577 840 3638 in
862 3573 1034 3638 adversam
1052 3573 1196 3637 Martino
1216 3572 1411 3650 sententiam

271 3685 494 3768 conscriptas,
535 3685 654 3767 quibus
694 3689 821 3750 unicam
861 3685 1042 3750 naturalem
1082 3683 1285 3749 voluntatem
1328 3701 1411 3766 ope·

270 3797 496 3878 rationemque
533 3798 568 3860 in
603 3795 735 3884 Christo
776 3797 1003 3862 confitebatur.
1067 3795 1204 3860 Litteris
1248 3813 1327 3880 ergo
1368 3793 1411 3858 ah

271 3916 411 3990 utroque
433 3911 579 3994 acceptis
600 3911 777 3994 imperator
792 3908 898 3992 Sergii
917 3910 1026 3993 potius
1047 3909 1228 3972 sententiae
1250 3904 1411 3986 adhaesit,

272 4039 368 4102 quam
387 4018 586 4085 Athanasius
608 4020 730 4106 gaudio
748 4020 853 4084 elatus
873 4022 1034 4104 resupinis
1053 4026 1233 4104 exceperat
1251 4016 1411 4095 manibus,

272 4133 329 4214 qui
350 4103 475 4196 sufficet
497 4121 634 4196 callidus
656 4140 767 4212 norat,
798 4131 844 4194 ibi
867 4133 996 4195 omnino
1025 4133 1153 4195 unicam
1181 4137 1330 4194 naturam
1358 4129 1420 4206 in·-

272 4337 1410 4362 ffl.fflfflmffl-

257 4568 261 4584 1
343 4491 364 4557 ¹)
383 4492 436 4543 vid.
457 4507 540 4558 supra
556 4507 619 4558 pag.
638 4495 680 4544 61.
779 4511 787 4528 ν
