3225 5217
761 966 934 1123 otiu
960 1033 993 1123 1.

381 1176 431 1228 DE
447 1176 596 1229 DUOBUS
611 1176 830 1235 nnnsrnsns
847 1181 1094 1235 ramuscula
1111 1181 1367 1237 nnmocnms.

394 1350 470 1415 Duo
492 1351 624 1417 fuerunt
645 1354 733 1417 eirca
754 1353 879 1419 saeculi
900 1358 989 1421 sexti
1007 1356 1105 1421 finem
1123 1364 1157 1421 et
1176 1358 1307 1440 septimi
1321 1357 1446 1421 initium

307 1460 475 1527 Anastaui
490 1465 697 1549 patriarchae
706 1464 916 1547 Antiocheui,
938 1468 996 1549 qui
1016 1486 1054 1531 se
1075 1468 1110 1529 in
1130 1466 1342 1551 patriarchali
1362 1466 1446 1531 solio

309 1593 490 1659 excepere,
512 1574 608 1639 ambo
632 1573 751 1641 deinde
773 1578 860 1641 inter
882 1572 1023 1665 Sanctus
1046 1576 1151 1641 relati.

394 1687 422 1749 1.
443 1684 495 1751 Ac
505 1688 595 1771 prior
608 1686 739 1771 quidem
752 1686 950 1753 Anastasius
961 1709 990 1751 a.
1003 1687 1067 1753 559
1081 1688 1103 1770 ¹)
1121 1696 1199 1774 post
1209 1687 1405 1753 Domninum
1418 1686 1445 1773 2)

305 1800 339 1861 iu
359 1794 598 1863 Antiochenam
619 1798 732 1865 sedem
765 1807 901 1865 evectus
928 1808 989 1865 est
1032 1800 1139 1878 Quam
1161 1801 1275 1883 quieto
1301 1803 1446 1865 tenuisse

306 1913 437 1979 videtur
464 1934 569 1997 usque
596 1913 673 1979 dum
696 1914 902 1981 Justinianus
924 1913 1107 1998 Imperator
1130 1913 1242 1999 (regn.
1263 1913 1306 1977 ab
1328 1934 1358 1977 a.
1381 1912 1443 1977 527

306 2042 412 2108 usque
434 2024 477 2089 ad
498 2048 527 2091 a.
550 2026 653 2109 565),
684 2034 770 2091 teste
792 2023 994 2110 Evagriol),
1031 2046 1078 2106 ,a
1098 2033 1188 2091 recta
1210 2024 1444 2089 catholicorum

307 2135 495 2221 dogmatum
517 2139 572 2201 via
595 2136 791 2219 deflectens,
820 2145 853 2201 et
873 2138 1036 2203 tramitem
1057 2139 1243 2221 ingressus,
1265 2155 1363 2218 quem
1384 2154 1446 2197 nec

305 2246 461 2332 Apostoli
485 2268 547 2313 nec
573 2249 692 2314 Patres
720 2250 870 2332 vestigiis
898 2249 966 2312 suis
996 2247 1169 2329 triverant,
1200 2248 1235 2309 in
1264 2248 1375 2330 spinas
1406 2263 1446 2307 ac

305 2358 444 2425 tribulos
465 2358 619 2445 delapsus
638 2366 698 2423 cst
731 2358 859 2436 Quibus
882 2377 955 2421 cum
965 2355 1149 2421 Ecclesiam
1161 2376 1293 2439 quoque
1314 2355 1444 2440 replere

305 2470 475 2553 voluisset,
494 2473 564 2535 voti
579 2472 630 2535 sui
643 2489 776 2553 compos
793 2468 867 2533 fieri
881 2489 1047 2551 nunquam
1064 2469 1183 2552 potuit,
1200 2487 1273 2531 cum
1284 2466 1444 2532 Dominus

305 2584 429 2667 regiam
440 2585 528 2647 viam
539 2582 732 2647 firmissimis
744 2582 848 2665 septis
858 2582 1040 2662 muniisset,
1062 2601 1104 2645 ne
1120 2583 1230 2645 sicarii
1239 2602 1280 2647 ac
1296 2580 1443 2647 latrones

304 2695 337 2755 in
360 2712 431 2757 earn
454 2692 576 2756 insilire
598 2699 745 2779 possent,
768 2699 925 2773 tanquam
940 2694 1067 2775 pariete
1086 2690 1241 2757 inclinata
1255 2694 1445 2758 etmaceria

305 2803 513 2893 depulsa...
558 2802 697 2887 Scripsit
736 2806 837 2889 igitur
871 2800 1077 2866 dustinianns
1115 2802 1149 2865 id
1180 2803 1270 2886 quod
1303 2802 1443 2867 Romani

306 2914 447 2979 edictum
458 2923 586 2979 vocant
620 2912 658 2977 In
671 2935 736 2999 quo
750 2933 869 2997 corpus
880 2912 1012 2977 Domini
1023 2914 1269 2998 incorruptibile
1285 2912 1442 2999 appellat,

305 3034 339 3091 et
359 3026 554 3093 naturalium
581 3034 681 3109 atque
712 3024 956 3109 inculpabilium
977 3024 1187 3091 affectionum
1209 3046 1317 3108 capax
1338 3024 1442 3089 fuisse

303 3145 418 3221 negate
451 3135 626 3201 Dominum
661 3145 737 3203 ante
766 3139 955 3219 passionem
984 3135 1100 3201 eodem
1129 3135 1228 3199 modo
1259 3133 1443 3199 comedisse

303 3246 415 3312 dicens
433 3267 499 3329 quo
521 3253 598 3329 post
620 3248 806 3329 passionem
829 3245 982 3327 comedit,
1004 3267 1078 3309 cum
1101 3253 1345 3311 sacrosanctum
1368 3246 1440 3329 ejus

303 3356 432 3441 Corpus
458 3357 525 3442 jam
555 3355 632 3421 inde
661 3376 704 3421 ex
735 3377 800 3439 quo
832 3359 864 3418 in
892 3365 987 3420 utero
1016 3356 1191 3419 formatum
1219 3361 1287 3434 est,
1319 3354 1442 3417 nullam

302 3469 548 3531 conversionem
571 3474 627 3531 aut
649 3469 862 3529 mutationem
883 3487 945 3530 nec
967 3468 1000 3528 in
1022 3464 1213 3529 voluntariis
1243 3472 1276 3527 et
1305 3473 1441 3527 natura-

301 3577 386 3641 libus
397 3577 666 3663 perpessionibus
683 3597 744 3641 nec
755 3584 833 3661 post
849 3577 1121 3641 resurrectionem
1139 3577 1313 3658 acceperit.
1334 3576 1441 3639 Porro

300 3685 504 3753 Justinianus
527 3706 639 3753 omncs
661 3687 782 3769 ubique
806 3689 980 3771 episcopos
997 3688 1134 3770 pervim
1151 3706 1271 3771 cogere
1289 3686 1440 3766 instituit,

299 3806 336 3861 ut
357 3799 433 3863 huie
457 3800 601 3882 opinioni
622 3799 868 3861 assentirentur.
902 3794 970 3862 Sed
989 3817 1061 3860 cum
1079 3799 1225 3879 universi
1240 3798 1437 3860 sententiam

299 3908 468 3972 Anastasii
478 3908 711 3973 Antiochensis
725 3906 883 3991 Episcopi
906 3915 1102 3990 exspectare
1124 3927 1160 3971 se
1183 3904 1440 3989 respondissent,

299 4021 436 4103 primum
469 4018 681 4102 Imperatoris
715 4020 873 4101 impetum
907 4016 1109 4081 declinarunt
1119 4019 1147 4080 “.
1210 4018 1342 4099 ,Porro
1375 4019 1439 4081 iste

298 4130 495 4193 Anastasius
506 4132 556 4192 vir
579 4129 641 4192 fuit
662 4136 731 4191 tum
754 4130 786 4190 in
804 4125 923 4192 divinis
946 4128 1063 4193 litteris
1085 4128 1262 4193 admodum
1281 4126 1439 4208 eruditus,

315 4268 446 4275 amu-mu...
458 4266 632 4275 ---—-·---..-r-
643 4267 684 4274 ----
691 4267 835 4274 --—·---·-
846 4268 1019 4274 -.-.--.-—-
1226 4265 1431 4276 ...ορ-ψει·-

368 4332 389 4397 ¹)
408 4333 477 4398 Pagi
495 4332 530 4383 ad
548 4349 572 4383 a.
592 4334 641 4384 561
661 4333 675 4398 5
694 4334 725 4395 23
743 4332 874 4397 Lequien.
894 4332 939 4383 Or.
958 4332 1057 4384 Christ.
1075 4339 1139 4385 tom.
1158 4333 1192 4383 11.
1212 4347 1238 4397 p.
1258 4335 1316 4383 734.

367 4424 389 4491 ²)
407 4426 557 4491 Euagrius,
576 4420 647 4477 mut.
667 4426 732 4477 eccl.
751 4426 769 4476 1.
788 4428 819 4491 4,
838 4440 899 4491 cap.
919 4428 960 4478 39.

366 4516 389 4583 ⁸)
407 4518 521 4585 Euge,
541 4518 601 4569 eod.
621 4535 680 4585 cap.
701 4522 735 4572 39
753 4520 799 4571 lib.
820 4522 844 4570 4.
