3225 5217
1274 523 1444 585 49·

174 699 312 776 partor,
340 693 426 755 sicut
451 692 519 777 jam
546 699 646 756 antea
673 694 707 755 in
735 692 981 758 definitionibus
1013 693 1155 758 diximus
1177 685 1318 777 (audrie

174 799 231 866 καὶ
262 797 298 865 ἐν
324 806 392 875 τοῖς
417 794 510 888 ὅροις
535 792 750 887 εἰρήκαμεν)ε
781 805 946 869 interdum
976 804 1154 870 secundum
1186 824 1317 889 corpus,

173 912 336 991 interdum
348 915 687 980 secundumauimam.
721 915 819 980 Unde
842 920 874 980 in
887 914 1010 981 Genesi
1028 916 1160 981 dicitur:
1185 915 1318 1000 „Vidit

80 1014 89 1020 ”
174 1025 269 1089 Deus
290 1034 325 1088 et
346 1045 425 1090 ecce
448 1029 553 1091 omnis
575 1046 652 1091 caro
676 1036 831 1112 corrupta
854 1029 971 1092 erat““
990 1030 1023 1110 Ι),
1045 1029 1108 1093 hoc
1121 1036 1181 1107 est,
1205 1048 1317 1092 omues

175 1136 323 1200 homines
346 1137 527 1202 sceleribus
556 1138 680 1203 addicti
709 1148 821 1216 erant:
854 1139 896 1204 de
926 1139 1045 1222 quibus
1076 1143 1163 1206 canit
1191 1138 1316 1203 David:

177 1245 376 1332 „„Corrupti
388 1257 463 1312 suut
478 1249 761 1342 et'abominabiles
777 1250 863 1314 -facti
886 1258 963 1314 suut
984 1253 1018 1314 iu
1040 1251 1265 1335 iniquitatibus
1285 1257 1319 1330 et

175 1359 294 1424 studiis
304 1360 415 1424 suis““
427 1358 463 1441 ²).
486 1359 655 1444 Respecto
671 1363 770 1444 igitur
785 1361 881 1446 hujus
894 1364 1122 1446 corruptionis,
1144 1364 1317 1447 incorrup-

175 1471 284 1551 tibile,
306 1471 371 1536 lroc
392 1480 460 1552 est,
481 1474 610 1556 pcccati
632 1493 765 1556 expers,
787 1472 981 1556 profitemur
1003 1474 1257 1538 sacratissimum
1283 1481 1316 1538 et

175 1585 419 1668 integerrimum
428 1581 550 1647 Christi
560 1604 689 1667 corpus.
711 1583 759 1647 At
767 1574 848 1648 vcro
860 1583 1109 1668 eorpustristi
1120 1586 1207 1649 omni
1220 1587 1317 1671 peni-

176 1702 231 1757 tus
250 1693 315 1758 alio
337 1694 435 1758 modo
457 1693 704 1778 incorruptibile
727 1716 812 1775 esse,
835 1694 943 1760 nullus
955 1693 1014 1760 SS.
1026 1697 1161 1760 Petrum
1174 1717 1317 1780 unquam

177 1807 348 1870 asseruit“.
384 1806 479 1884 Quae
501 1808 608 1869 omnia
630 1805 701 1869 fere
722 1805 923 1870 adverbum
946 1816 1125 1871 consonant
1147 1829 1220 1872 cum
1243 1811 1315 1893 ipso

177 1913 400 1980 definitionum
420 1916 494 1980 loco
511 1917 554 1980 ab
570 1926 706 1981 auctore
717 1920 818 1982 citato
832 1915 867 2000 ³),
892 1939 957 2000 quo
979 1919 1191 2003 corruptibile
1203 1918 1317 1985 delinit

177 2027 242 2091 hoc
263 2027 377 2091 modo:
401 2027 593 2112 „Accipitur
615 2032 782 2112 corruptio
799 2029 974 2114 dupliciter
995 2029 1158 2096 indivinis
1170 2029 1316 2112 Litteris,

177 2137 212 2203 id
242 2147 295 2204 est
322 2138 502 2202 secundum
535 2160 655 2224 corpus
689 2148 725 2203 et
752 2139 933 2205 secundum
961 2143 1116 2225 animam,
1149 2151 1186 2206 ut
1216 2164 1316 2228 quum

178 2251 311 2315 dicitur:
337 2249 470 2334 „„Vidit
480 2251 640 2316 Dominus
652 2252 745 2316 Deus
768 2261 801 2316 et
824 2273 901 2318 ecce
925 2256 1028 2319 omnis
1051 2263 1140 2319 terra
1161 2264 1317 2340 corrupta

177 2371 249 2427 erat
270 2361 460 2446 peccato““.
503 2361 549 2426 Et
570 2365 689 2426 iterum
701 2362 820 2428 dicitur
832 2363 873 2428 de
896 2363 1094 2431 hominibus:
1120 2366 1316 2452 ,‚‚Corrupti

177 2481 211 2536 et
232 2473 469 2548 abominabiles
492 2474 573 2536 facti
595 2482 673 2538 sunt
693 2477 726 2538 iu
748 2474 974 2559 iniquitatibus
998 2485 1031 2541 et
1052 2479 1169 2542 studiis
1195 2482 1313 2546 suis.‘²“

177 2582 352 2650 Caeterum
371 2583 504 2667 quando
523 2583 617 2649 audis
635 2605 655 2648 a
672 2584 806 2650 doctore
823 2606 942 2672 corpus
955 2585 1077 2654 Christi
1093 2599 1171 2656 autc
1188 2611 1317 2658 crucem

176 2695 280 2760 fuisse
308 2695 573 2780 incorruptibile,
607 2699 757 2782 accipere
779 2697 813 2761 id
837 2697 938 2764 debes
961 2697 1003 2764 de
1034 2703 1276 2787 incorruptione
1298 2722 1318 2766 a

176 2815 332 2892 peccat03
353 2828 489 2891 prorsus
513 2809 635 2892 quippe
657 2809 898 2916 immaculatum
923 2819 956 2876 et
978 2811 1138 2878 illibatum
1161 2823 1228 2896 est3
1251 2835 1317 2880 uon

177 2927 287 2982 autem
309 2918 558 3002 intelligendum
581 2927 647 3000 cst,
683 2923 777 3002 quasi
809 2943 927 3008 corpus
952 2921 1074 2990 Christi
1097 2925 1206 3008 quoad
1227 2947 1318 2990 mor·

177 3029 338 3094 talitatem
359 3029 501 3122 alienum
516 3029 596 3114 quid
618 3012 865 3096 subtilissimum
886 3043 919 3099 et
940 3037 1149 3122 peregrinum
1162 3058 1182 3101 a
1197 3041 1317 3104 nostris

178 3141 371 3226 corporibus
393 3139 574 3207 habuerit.“

263 3251 481 3317 Definitiones
519 3275 601 3340 ergo
641 3253 685 3320 ad
718 3255 931 3322 Anastasium
965 3267 1132 3323 auctorem
1166 3269 1317 3344 spectare

178 3364 308 3426 minime
331 3361 547 3428 dubitandum
569 3375 629 3430 cst.
674 3364 742 3431 Sed
765 3376 800 3431 et
821 3367 909 3432 illam
933 3367 1031 3450 „fidei
1054 3372 1316 3455 expositionem“

135 3516 143 3520 -
178 3473 222 3536 ab
242 3473 420 3540 Anastasio
442 3485 556 3541 nostro
585 3499 651 3542 non
678 3479 817 3543 alienam
849 3501 938 3562 esse,
967 3482 1036 3565 jam
1053 3502 1109 3548 ‚ex
1132 3482 1204 3548 aliis
1236 3486 1317 3570 ejus,

179 3604 261 3666 quas
278 3585 339 3648 tibi
356 3589 525 3670 proposui,
543 3588 825 3654 lucubrationibus
837 3590 890 3655 vel
903 3591 1000 3656 facile
1017 3593 1166 3677 judicare
1185 3600 1318 3680 poteris.

178 3693 244 3757 Hic
265 3695 370 3778 addo,
401 3718 474 3760 eum
497 3698 622 3782 locum,
655 3699 711 3764 nbi
734 3700 813 3765 dicit
827 3700 873 3786 ⁴),
907 3704 1081 3785 „naturale
1104 3713 1138 3770 et
1159 3705 1262 3791 probe
1286 3715 1320 3772 et
1355 3759 1361 3772 ,

180 3805 328 3890 improbe
350 3811 455 3893 accipi
477 3831 594 3894 posse5
630 3811 694 3875 dici
725 3815 808 3878 enim
839 3814 988 3880 naturale
1019 3818 1114 3880 etiam
1146 3818 1195 3899 id,
1230 3817 1319 3901 quod

179 3916 238 3980 fiat
266 3918 446 3984 secundum
469 3942 672 3987 communem
702 3924 971 3990 consuetudinem
1001 3947 1131 4011 eorum,
1162 3931 1218 4012 qui
1240 3928 1321 3994 nibil

178 4027 269 4092 aliud
289 4032 357 4094 siut
377 4053 476 4114 quam
506 4033 700 4117 homiues“‚
734 4055 916 4102 consonare
946 4041 978 4101 ei
1000 4039 1074 4104 loco
1097 4061 1163 4123 quo
1186 4039 1265 4105 dicit
1286 4042 1319 4106 in

1009 4257 1318 4270 *ψ’-ιιι*-

249 4405 272 4473 ¹)
291 4405 359 4458 Gen.
378 4409 411 4472 6,
430 4409 471 4458 12.
645 4410 668 4476 ²)
686 4410 734 4462 Pa.
752 4413 802 4478 62,
821 4415 845 4464 2,
1019 4415 1042 4483 ⁸)
1061 4417 1112 4468 col.
1133 4419 1165 4470 rt
1182 4417 1215 4470 D.

250 4499 273 4566 ⁴)
291 4500 344 4552 col.
362 4501 412 4567 ts,
430 4502 485 4555 rid.
503 4518 589 4573 supra
605 4519 668 4571 pag.
687 4507 730 4556 42.

1005 4615 1008 4622 '
1107 4612 1124 4662 4
