3225 5217
313 483 355 548 62

310 654 390 719 fidei
401 657 609 724 orthodoxae
619 661 879 724 institutionem“
898 669 933 726 et
948 665 1191 742 „narrationem
1207 661 1249 729 de
1259 663 1451 728 haeresibus

312 776 347 833 et
368 767 411 833 de
433 771 579 836 conciliis
600 772 762 836 adversus
792 793 849 838 eus
875 755 1054 840 celebretis
1083 795 1190 860 usqne
1213 775 1255 840 ad
1278 775 1450 841 concibinm

311 883 554 949 oecumenicum
583 892 716 948 sextum
744 893 846 967 atque
874 892 1023 970 tempora
1045 885 1222 952 Justiniani
1243 885 1287 952 11.
1307 887 1451 952 Rhinot-

310 998 425 1061 meti“.
469 996 667 1082 Haecsergo
688 996 857 1061 Anastasii
879 1000 929 1062 sui
951 996 1001 1061 111
1029 999 1189 1083 opuscula
1215 999 1354 1086 allegari
1379 999 1451 1063 vult

311 1108 460 1174 Oudinus
494 1108 537 1171 ab
564 1108 697 1192 Hcdegi
726 1115 861 1172 auctore
894 1118 962 1174 tum
997 1113 1031 1174 in
1066 1114 1300 1196 „expositione
1332 1111 1449 1191 fidei“,

311 1219 443 1305 capitii
459 1214 599 1326 ἱιιὲψ,
621 1227 691 1283 tum
709 1221 743 1282 in
758 1219 921 1304 capitibus
939 1221 1085 1286 secundo
1105 1230 1139 1286 et
1156 1225 1252 1287 tertio
1273 1229 1450 1305 sequuta,

310 1330 453 1413 denique
485 1333 593 1415 cupite
624 1333 738 1415 quinto
771 1331 814 1395 de
847 1351 908 1395 sex
943 1334 1159 1398 oecumenicis
1193 1333 1348 1416 conciliis,
1375 1334 1451 1415 „uti

309 1442 439 1508 titulum
457 1442 607 1507 hubere“
620 1441 653 1526 ¹).
684 1441 810 1507 Verum
828 1446 857 1506 si
874 1445 959 1508 vixit
974 1443 1171 1510 Anastasius
1190 1443 1332 1528 quidam,
1352 1465 1449 1528 quom

309 1553 383 1617 vult
409 1551 558 1618 Oudinus
588 1552 746 1620 Sineitam
781 1554 879 1618 simul
909 1563 943 1619 et
971 1554 1212 1620 Antiochenam
1249 1557 1448 1640 episcopum,
1544 1559 1549 1566 '

309 1668 396 1732 cirea
416 1687 445 1728 a.
468 1665 550 1747 685,
581 1663 615 1730 id
637 1664 726 1749 quod
748 1663 912 1747 Caveus²)
939 1674 973 1730 et
995 1665 1178 1750 oudinum)
1208 1667 1384 1751 conjiciunt
1404 1687 1448 1730 ex

310 1777 493 1862 opusculis,
531 1797 618 1860 quac
646 1797 747 1861 sopra
776 1779 959 1861 nominavi3
996 1797 1102 1842 nonne
1136 1780 1165 1842 is
1193 1777 1296 1842 multo
1326 1778 1448 1842 rectius

307 1887 395 1954 idem
422 1909 497 1954 esse
527 1895 680 1952 censetur
707 1908 781 1953 cum
810 1897 945 1954 auctore
974 1897 1087 1954 nostro
1109 1888 1258 1974 Hodegi,
1287 1908 1385 1971 quam
1411 1895 1449 1951 ut

307 2021 381 2065 cum
404 1998 534 2065 Oudino
556 1999 718 2081 dicamus,
748 2001 819 2085 ejus
850 1999 1012 2085 quaedam
1044 1999 1203 2084 opuscula
1224 2021 1244 2064 a
1265 2001 1451 2085 posteriore

307 2110 503 2194 Anastasio,
535 2131 632 2195 quem
662 2111 725 2176 sibi
745 2113 842 2198 fingit
864 2111 997 2177 saeculo
1019 2111 1207 2194 undecimo,
1230 2114 1264 2176 in
1285 2113 1350 2176 isto
1373 2109 1449 2174 Ho-

308 2221 385 2310 degi
415 2243 516 2308 opere
546 2223 691 2308 allegata
719 2244 804 2290 esse.
848 2223 966 2290 Nonne
997 2226 1082 2288 enim
1118 2244 1179 2288 sua
1213 2224 1315 2308 ipsius
1346 2242 1448 2306 opera

181 2376 185 2382 ι
306 2334 441 2421 Hodegi
468 2343 584 2432 auctor
609 2335 662 2398 hie
690 2335 849 2422 colligere
885 2335 939 2400 vel
970 2335 1116 2422 allegare
1150 2333 1279 2421 potuit?
1330 2332 1448 2416 Itaque

306 2445 370 2510 hoc
397 2449 505 2530 ipsum
533 2455 761 2532 argumentum
789 2445 952 2510 decimum
989 2454 1024 2510 et
1053 2444 1088 2509 id
1122 2444 1254 2529 quidem
1288 2444 1447 2526 ultimum,

306 2559 397 2643 quod
415 2559 615 2643 „evidenter
630 2560 800 2646 probore“
824 2558 895 2623 vult
914 2555 1079 2640 oudinus,
1103 2578 1185 2643 opus
1208 2554 1298 2622 istud
1314 2554 1448 2640 Hodegi

306 2680 459 2756 spectare
481 2693 547 2736 non
568 2692 669 2756 posse
690 2674 753 2737 nisi
773 2671 817 2736 ad
840 2670 1051 2736 Anastasium
1072 2670 1313 2735 Antiochenam
1341 2669 1446 2752 patri-

307 2784 439 2849 archam
468 2793 503 2850 et
530 2783 688 2851 Sinaitam
717 2783 928 2866 monachum,
967 2803 1064 2867 quem
1100 2803 1129 2846 a.
1161 2782 1246 2846 1010
1281 2781 1335 2845 vel
1363 2779 1447 2844 1020

306 2898 432 2960 vixisse
452 2897 597 2981 conjicit,
620 2897 685 2961 hoc
705 2898 813 2980 ipsum
834 2897 934 2980 igitur
955 2903 1181 2980 argumentum
1203 2894 1365 2960 decimum
1381 2915 1446 2957 non

305 3009 410 3091 magis
432 3006 569 3072 evidens
589 3008 668 3070 mihi
689 3007 822 3074 videtur
843 3027 942 3090 quam
964 3009 1073 3092 priora
1095 3027 1222 3072 nouem.
1361 3013 1366 3022 '

391 3117 517 3183 Decem
545 3121 657 3203 itaque
684 3121 829 3184 rationes
858 3115 1007 3183 Oudinus
1034 3117 1159 3183 attulit:
1187 3116 1267 3202 quid
1296 3105 1378 3183 uero
1405 3119 1445 3181 iis

306 3226 395 3292 aliud
416 3228 598 3313 profecerit
615 3247 712 3311 quam
731 3238 769 3292 nt
790 3231 842 3293 sui
859 3228 1048 3294 revincendi
1066 3232 1234 3314 negotium
1252 3228 1444 3310 facesseret,

306 3339 459 3424 equidem
487 3359 553 3404 non
574 3339 683 3404 video.
727 3337 796 3405 Sed
819 3348 853 3405 et
874 3341 984 3424 aliqua
1006 3341 1149 3424 suspicio
1171 3347 1313 3404 mentem
1338 3359 1445 3404 meam

305 3452 402 3518 subit
452 3452 559 3532 Quum
591 3454 677 3516 enim
706 3455 757 3516 vir
786 3452 994 3518 doctissimus
1024 3455 1132 3518 omnia
1163 3471 1224 3516 sua
1251 3455 1445 3535 arguments

304 3566 453 3628 instituat
493 3583 537 3628 ex
576 3563 656 3630 solis
698 3567 812 3650 primis
850 3567 993 3648 quinque
1038 3563 1201 3649 capitibus
1245 3571 1280 3628 et
1320 3561 1444 3624 ultimis

303 3674 426 3756 tribus,
457 3673 578 3739 deinde
604 3695 649 3740 ex
676 3677 817 3760 imagine
840 3674 964 3740 Christi
987 3675 1134 3740 crucifixi
1157 3676 1264 3758 capite
1285 3669 1359 3736 XII
1381 3668 1444 3734 de·

228 3873 233 3883 ,
303 3786 425 3851 lineata
445 3786 518 3851 fere
541 3789 628 3852 circa
648 3785 791 3851 medium
814 3787 923 3872 operis
933 3785 977 3869 ⁴),
1008 3805 1093 3869 quae
1123 3805 1184 3870 pro
1214 3785 1362 3848 novitate
1384 3802 1445 3848 sua

194 3967 200 3975 ,
303 3897 469 3982 modoque
502 3882 623 3986 insigni
663 3898 777 3964 oculos
817 3899 936 3986 fugere
975 3900 1139 3981 nequivit,
1181 3916 1294 3965 corum
1332 3901 1444 3958 autem

1336 4083 1439 4095 ..nn—unna

373 4206 396 4272 ¹)
415 4209 451 4259 cf.
469 4213 560 4260 tumen
578 4223 662 4276 snpra
679 4225 742 4276 pag.
762 4211 802 4260 27.
989 4207 1012 4275 ’)
1031 4207 1105 4259 Cave
1123 4223 1184 4274 pag.
1204 4208 1263 4259 892.

374 4301 397 4368 ¹)
415 4301 513 4353 Oudin.
532 4310 597 4354 tom.
615 4305 636 4354 Ι.
655 4305 706 4355 col.
726 4305 802 4355 1663.
1012 4371 1014 4381 Ι

373 4394 395 4461 ⁸)
414 4397 485 4448 Nam
506 4403 539 4449 ut
561 4402 694 4456 rationem
718 4395 845 4463 efferam,
872 4412 941 4464 opus
964 4395 1073 4462 Hodegi
1098 4399 1126 4448 in
1143 4396 1215 4448 Edit.
1234 4397 1316 4462 Mign.
1340 4399 1436 4462 incipit

303 4505 320 4542 a
338 4490 444 4559 cohdh,
463 4497 492 4543 et
509 4491 608 4545 desinit
624 4496 652 4543 ln
671 4492 795 4557 col.810;
814 4495 978 4558 imogovero
997 4491 1102 4543 isthaec
1117 4491 1256 4543 invenltur
1272 4494 1300 4542 in
1313 4489 1365 4544 col.
1378 4493 1436 4544 197.
