<?xml version="1.0" encoding="UTF-8"?>
<!DOCTYPE html PUBLIC "-//W3C//DTD XHTML 1.0 Transitional//EN"
    "http://www.w3.org/TR/xhtml1/DTD/xhtml1-transitional.dtd">
<html xmlns="http://www.w3.org/1999/xhtml" xml:lang="en" lang="en">
 <head>
  <title>
</title>
<meta http-equiv="Content-Type" content="text/html;charset=utf-8" />
  <meta name='ocr-system' content='tesseract 3.04.00' />
  <meta name='ocr-capabilities' content='ocr_page ocr_carea ocr_par ocr_line ocrx_word'/>
</head>
<body>
  <div class='ocr_page' id='page_1' title='image "./deanastasiosina00kumpgoog_0066.png"; bbox 0 0 3225 5217; ppageno 0'>
   <div class='ocr_carea' id='block_1_1' title="bbox 309 492 351 555">
    <p class='ocr_par' dir='ltr' id='par_1_1' title="bbox 309 492 351 555">
     <span class='ocr_line' id='line_1_1' title="bbox 309 492 351 555; baseline 0 0"><span class='ocrx_word' id='word_1_1' title='bbox 309 492 351 555; x_wconf 80' lang='lat' dir='ltr'><strong>tt</strong></span> 
     </span>
    </p>
   </div>
   <div class='ocr_carea' id='block_1_2' title="bbox 298 667 1446 4101">
    <p class='ocr_par' dir='ltr' id='par_1_2' title="bbox 305 667 1446 1308">
     <span class='ocr_line' id='line_1_2' title="bbox 308 667 1445 756; baseline 0.006 -27"><span class='ocrx_word' id='word_1_2' title='bbox 308 668 566 731; x_wconf 79' lang='lat' dir='ltr'><strong>communionem</strong></span> <span class='ocrx_word' id='word_1_3' title='bbox 594 667 738 733; x_wconf 64' lang='lat' dir='ltr'><strong>venire‘i.</strong></span> <span class='ocrx_word' id='word_1_4' title='bbox 783 667 941 754; x_wconf 81' lang='lat' dir='ltr'><strong>Exempli</strong></span> <span class='ocrx_word' id='word_1_5' title='bbox 970 673 1092 755; x_wconf 67' lang='lat' dir='ltr'><strong>gratiae</strong></span> <span class='ocrx_word' id='word_1_6' title='bbox 1126 671 1199 735; x_wconf 74' lang='lat' dir='ltr'><strong>tier-i</strong></span> <span class='ocrx_word' id='word_1_7' title='bbox 1230 692 1295 735; x_wconf 89' lang='lat' dir='ltr'><strong>non</strong></span> <span class='ocrx_word' id='word_1_8' title='bbox 1324 678 1445 756; x_wconf 65' lang='lat' dir='ltr'><strong>potest,</strong></span> 
     </span>
     <span class='ocr_line' id='line_1_3' title="bbox 306 778 1446 868; baseline 0.005 -28"><span class='ocrx_word' id='word_1_9' title='bbox 306 786 345 841; x_wconf 87' lang='lat' dir='ltr'><strong>ut</strong></span> <span class='ocrx_word' id='word_1_10' title='bbox 375 778 460 863; x_wconf 78' lang='lat' dir='ltr'><strong>ignis</strong></span> <span class='ocrx_word' id='word_1_11' title='bbox 490 778 588 843; x_wconf 84' lang='lat' dir='ltr'><strong>foeno</strong></span> <span class='ocrx_word' id='word_1_12' title='bbox 619 781 776 865; x_wconf 84' lang='lat' dir='ltr'><strong>jungatur</strong></span> <span class='ocrx_word' id='word_1_13' title='bbox 808 783 880 845; x_wconf 91' lang='lat' dir='ltr'><strong>sine</strong></span> <span class='ocrx_word' id='word_1_14' title='bbox 912 802 1010 848; x_wconf 86' lang='lat' dir='ltr'><strong>noxa.</strong></span> <span class='ocrx_word' id='word_1_15' title='bbox 1056 783 1160 866; x_wconf 81' lang='lat' dir='ltr'><strong>Atqui</strong></span> <span class='ocrx_word' id='word_1_16' title='bbox 1193 786 1297 868; x_wconf 88' lang='lat' dir='ltr'><strong>prima</strong></span> <span class='ocrx_word' id='word_1_17' title='bbox 1331 782 1446 847; x_wconf 87' lang='lat' dir='ltr'><strong>salutis</strong></span> 
     </span>
     <span class='ocr_line' id='line_1_4' title="bbox 307 886 1445 979; baseline 0.004 -26"><span class='ocrx_word' id='word_1_18' title='bbox 307 899 440 954; x_wconf 89' lang='lat' dir='ltr'><strong>nostrae</strong></span> <span class='ocrx_word' id='word_1_19' title='bbox 462 886 609 955; x_wconf 85' lang='lat' dir='ltr'><strong>delinitio</strong></span> <span class='ocrx_word' id='word_1_20' title='bbox 640 894 760 956; x_wconf 86' lang='lat' dir='ltr'><strong>evertit</strong></span> <span class='ocrx_word' id='word_1_21' title='bbox 790 895 927 977; x_wconf 80' lang='lat' dir='ltr'><strong>primam</strong></span> <span class='ocrx_word' id='word_1_22' title='bbox 954 895 1183 979; x_wconf 79' lang='lat' dir='ltr'><strong>philosophiae</strong></span> <span class='ocrx_word' id='word_1_23' title='bbox 1206 895 1445 969; x_wconf 71' lang='lat' dir='ltr'><strong>definitionem</strong></span> 
     </span>
     <span class='ocr_line' id='line_1_5' title="bbox 305 1002 1444 1091; baseline 0.004 -27"><span class='ocrx_word' id='word_1_24' title='bbox 305 1002 384 1065; x_wconf 84' lang='lat' dir='ltr'><strong>dum</strong></span> <span class='ocrx_word' id='word_1_25' title='bbox 424 1002 522 1066; x_wconf 86' lang='lat' dir='ltr'><strong>docet</strong></span> <span class='ocrx_word' id='word_1_26' title='bbox 558 1005 779 1087; x_wconf 83' lang='lat' dir='ltr'><strong>virginitatem</strong></span> <span class='ocrx_word' id='word_1_27' title='bbox 824 1013 859 1067; x_wconf 89' lang='lat' dir='ltr'><strong>et</strong></span> <span class='ocrx_word' id='word_1_28' title='bbox 893 1014 1043 1089; x_wconf 88' lang='lat' dir='ltr'><strong>partum,</strong></span> <span class='ocrx_word' id='word_1_29' title='bbox 1088 1006 1299 1088; x_wconf 89' lang='lat' dir='ltr'><strong>divinumque</strong></span> <span class='ocrx_word' id='word_1_30' title='bbox 1336 1010 1444 1091; x_wconf 81' lang='lat' dir='ltr'><strong>ignem</strong></span> 
     </span>
     <span class='ocr_line' id='line_1_6' title="bbox 306 1114 1445 1181; baseline 0.004 -4"><span class='ocrx_word' id='word_1_31' title='bbox 306 1122 341 1177; x_wconf 83' lang='lat' dir='ltr'><strong>et</strong></span> <span class='ocrx_word' id='word_1_32' title='bbox 372 1122 519 1177; x_wconf 81' lang='lat' dir='ltr'><strong>naturam</strong></span> <span class='ocrx_word' id='word_1_33' title='bbox 553 1114 661 1178; x_wconf 85' lang='lat' dir='ltr'><strong>cariris</strong></span> <span class='ocrx_word' id='word_1_34' title='bbox 695 1118 727 1178; x_wconf 93' lang='lat' dir='ltr'><strong>in</strong></span> <span class='ocrx_word' id='word_1_35' title='bbox 763 1138 860 1179; x_wconf 91' lang='lat' dir='ltr'><strong>unam</strong></span> <span class='ocrx_word' id='word_1_36' title='bbox 893 1120 1150 1181; x_wconf 88' lang='lat' dir='ltr'><strong>communionem</strong></span> <span class='ocrx_word' id='word_1_37' title='bbox 1184 1127 1220 1181; x_wconf 91' lang='lat' dir='ltr'><strong>et</strong></span> <span class='ocrx_word' id='word_1_38' title='bbox 1253 1120 1445 1181; x_wconf 84' lang='lat' dir='ltr'><strong>societatem</strong></span> 
     </span>
     <span class='ocr_line' id='line_1_7' title="bbox 306 1224 600 1308; baseline 0 -19"><span class='ocrx_word' id='word_1_39' title='bbox 306 1225 495 1289; x_wconf 59' lang='lat' dir='ltr'><strong>centusse‘t</strong></span> <span class='ocrx_word' id='word_1_40' title='bbox 505 1224 539 1308; x_wconf 81' lang='grc'><strong>1).</strong></span> <span class='ocrx_word' id='word_1_41' title='bbox 551 1272 559 1288; x_wconf 91' lang='grc'><strong>.</strong></span> <span class='ocrx_word' id='word_1_42' title='bbox 572 1272 600 1289; x_wconf 90' lang='grc'><strong>..</strong></span> 
     </span>
    </p>

    <p class='ocr_par' dir='ltr' id='par_1_3' title="bbox 298 1337 1444 4101">
     <span class='ocr_line' id='line_1_8' title="bbox 392 1337 1444 1425; baseline 0.005 -25"><span class='ocrx_word' id='word_1_43' title='bbox 392 1337 486 1402; x_wconf 85' lang='lat' dir='ltr'><strong>Hace</strong></span> <span class='ocrx_word' id='word_1_44' title='bbox 508 1360 586 1422; x_wconf 84' lang='lat' dir='ltr'><strong>ergo</strong></span> <span class='ocrx_word' id='word_1_45' title='bbox 610 1348 644 1403; x_wconf 88' lang='lat' dir='ltr'><strong>et</strong></span> <span class='ocrx_word' id='word_1_46' title='bbox 664 1340 782 1403; x_wconf 80' lang='lat' dir='ltr'><strong>similia</strong></span> <span class='ocrx_word' id='word_1_47' title='bbox 798 1360 870 1403; x_wconf 89' lang='lat' dir='ltr'><strong>eum</strong></span> <span class='ocrx_word' id='word_1_48' title='bbox 886 1349 1000 1404; x_wconf 86' lang='lat' dir='ltr'><strong>auctor</strong></span> <span class='ocrx_word' id='word_1_49' title='bbox 1013 1341 1076 1405; x_wconf 89' lang='lat' dir='ltr'><strong>hnc</strong></span> <span class='ocrx_word' id='word_1_50' title='bbox 1087 1341 1278 1425; x_wconf 84' lang='lat' dir='ltr'><strong>protheoria</strong></span> <span class='ocrx_word' id='word_1_51' title='bbox 1288 1339 1444 1425; x_wconf 67' lang='lat' dir='ltr'><strong>explicet,</strong></span> 
     </span>
     <span class='ocr_line' id='line_1_9' title="bbox 305 1449 1444 1537; baseline 0.003 -25"><span class='ocrx_word' id='word_1_52' title='bbox 305 1449 338 1512; x_wconf 91' lang='lat' dir='ltr'><strong>id</strong></span> <span class='ocrx_word' id='word_1_53' title='bbox 351 1450 542 1533; x_wconf 86' lang='lat' dir='ltr'><strong>opusculum</strong></span> <span class='ocrx_word' id='word_1_54' title='bbox 553 1452 631 1513; x_wconf 83' lang='lat' dir='ltr'><strong>milri</strong></span> <span class='ocrx_word' id='word_1_55' title='bbox 643 1451 774 1535; x_wconf 90' lang='lat' dir='ltr'><strong>quidem</strong></span> <span class='ocrx_word' id='word_1_56' title='bbox 788 1461 879 1516; x_wconf 85' lang='lat' dir='ltr'><strong>recte</strong></span> <span class='ocrx_word' id='word_1_57' title='bbox 891 1452 1023 1516; x_wconf 81' lang='lat' dir='ltr'><strong>videtur</strong></span> <span class='ocrx_word' id='word_1_58' title='bbox 1040 1455 1184 1536; x_wconf 88' lang='lat' dir='ltr'><strong>positum</strong></span> <span class='ocrx_word' id='word_1_59' title='bbox 1203 1461 1279 1517; x_wconf 88' lang='lat' dir='ltr'><strong>ante</strong></span> <span class='ocrx_word' id='word_1_60' title='bbox 1290 1462 1390 1537; x_wconf 86' lang='lat' dir='ltr'><strong>capnt</strong></span> <span class='ocrx_word' id='word_1_61' title='bbox 1401 1452 1444 1531; x_wconf 75' lang='lat'><strong>11,</strong></span> 
     </span>
     <span class='ocr_line' id='line_1_10' title="bbox 304 1560 1444 1647; baseline 0.006 -25"><span class='ocrx_word' id='word_1_62' title='bbox 304 1580 371 1643; x_wconf 88' lang='lat' dir='ltr'><strong>quo</strong></span> <span class='ocrx_word' id='word_1_63' title='bbox 395 1560 601 1627; x_wconf 86' lang='lat' dir='ltr'><strong>definitiones</strong></span> <span class='ocrx_word' id='word_1_64' title='bbox 624 1566 716 1647; x_wconf 87' lang='lat' dir='ltr'><strong>ipsae</strong></span> <span class='ocrx_word' id='word_1_65' title='bbox 738 1562 945 1627; x_wconf 78' lang='lat' dir='ltr'><strong>exhibentur,</strong></span> <span class='ocrx_word' id='word_1_66' title='bbox 976 1563 1043 1628; x_wconf 85' lang='lat' dir='ltr'><strong>Sed</strong></span> <span class='ocrx_word' id='word_1_67' title='bbox 1066 1562 1148 1628; x_wconf 89' lang='lat' dir='ltr'><strong>haec</strong></span> <span class='ocrx_word' id='word_1_68' title='bbox 1163 1564 1295 1647; x_wconf 89' lang='lat' dir='ltr'><strong>quidem</strong></span> <span class='ocrx_word' id='word_1_69' title='bbox 1319 1565 1361 1629; x_wconf 90' lang='lat' dir='ltr'><strong>de</strong></span> <span class='ocrx_word' id='word_1_70' title='bbox 1383 1566 1444 1629; x_wconf 88' lang='lat' dir='ltr'><strong>hae</strong></span> 
     </span>
     <span class='ocr_line' id='line_1_11' title="bbox 305 1674 1442 1760; baseline 0.004 -26"><span class='ocrx_word' id='word_1_71' title='bbox 305 1674 500 1757; x_wconf 85' lang='lat' dir='ltr'><strong>protheorio.</strong></span> <span class='ocrx_word' id='word_1_72' title='bbox 532 1676 651 1739; x_wconf 79' lang='lat' dir='ltr'><strong>Restat</strong></span> <span class='ocrx_word' id='word_1_73' title='bbox 663 1685 701 1738; x_wconf 87' lang='lat' dir='ltr'><strong>ut</strong></span> <span class='ocrx_word' id='word_1_74' title='bbox 717 1675 758 1739; x_wconf 90' lang='lat' dir='ltr'><strong>de</strong></span> <span class='ocrx_word' id='word_1_75' title='bbox 769 1674 876 1739; x_wconf 89' lang='lat' dir='ltr'><strong>altero</strong></span> <span class='ocrx_word' id='word_1_76' title='bbox 895 1682 1037 1738; x_wconf 84' lang='lat' dir='ltr'><strong>tractatu</strong></span> <span class='ocrx_word' id='word_1_77' title='bbox 1053 1674 1148 1760; x_wconf 74' lang='lat' dir='ltr'><strong>„cepi</strong></span> <span class='ocrx_word' id='word_1_78' title='bbox 1162 1674 1342 1751; x_wconf 70' lang='lat' dir='ltr'><strong>rrr&#39;ursmg“,</strong></span> <span class='ocrx_word' id='word_1_79' title='bbox 1364 1674 1442 1758; x_wconf 84' lang='lat' dir='ltr'><strong>quid</strong></span> 
     </span>
     <span class='ocr_line' id='line_1_12' title="bbox 305 1784 1444 1870; baseline 0 -21"><span class='ocrx_word' id='word_1_80' title='bbox 305 1786 384 1849; x_wconf 89' lang='lat' dir='ltr'><strong>mihi</strong></span> <span class='ocrx_word' id='word_1_81' title='bbox 407 1787 558 1851; x_wconf 90' lang='lat' dir='ltr'><strong>videatur</strong></span> <span class='ocrx_word' id='word_1_82' title='bbox 580 1807 753 1870; x_wconf 82' lang='lat' dir='ltr'><strong>exponam.</strong></span> <span class='ocrx_word' id='word_1_83' title='bbox 797 1784 844 1848; x_wconf 87' lang='lat' dir='ltr'><strong>Et</strong></span> <span class='ocrx_word' id='word_1_84' title='bbox 863 1786 996 1868; x_wconf 86' lang='lat' dir='ltr'><strong>quidem</strong></span> <span class='ocrx_word' id='word_1_85' title='bbox 1017 1788 1051 1850; x_wconf 92' lang='lat' dir='ltr'><strong>in</strong></span> <span class='ocrx_word' id='word_1_86' title='bbox 1072 1786 1227 1870; x_wconf 87' lang='lat' dir='ltr'><strong>ponendo</strong></span> <span class='ocrx_word' id='word_1_87' title='bbox 1248 1787 1311 1850; x_wconf 88' lang='lat' dir='ltr'><strong>hoc</strong></span> <span class='ocrx_word' id='word_1_88' title='bbox 1332 1787 1444 1850; x_wconf 87' lang='lat' dir='ltr'><strong>titulo:</strong></span> 
     </span>
     <span class='ocr_line' id='line_1_13' title="bbox 304 1894 1444 1983; baseline 0.002 -22"><span class='ocrx_word' id='word_1_89' title='bbox 304 1896 381 1981; x_wconf 77' lang='grc' dir='ltr'><strong>περὶ</strong></span> <span class='ocrx_word' id='word_1_90' title='bbox 405 1896 552 1970; x_wconf 67' lang='grc' dir='ltr'><strong>πίστεως</strong></span> <span class='ocrx_word' id='word_1_91' title='bbox 573 1894 708 1969; x_wconf 69' lang='grc' dir='ltr'><strong>ε”κθισις</strong></span> <span class='ocrx_word' id='word_1_92' title='bbox 723 1894 757 1959; x_wconf 78' lang='grc' dir='ltr'><strong>ἐν</strong></span> <span class='ocrx_word' id='word_1_93' title='bbox 777 1895 918 1983; x_wconf 52' lang='lat' dir='ltr'><strong>intrepi)</strong></span> <span class='ocrx_word' id='word_1_94' title='bbox 936 1900 1124 1981; x_wconf 75' lang='lat' dir='ltr'><strong>respexisse</strong></span> <span class='ocrx_word' id='word_1_95' title='bbox 1140 1906 1307 1962; x_wconf 76' lang='lat' dir='ltr'><strong>auctorem</strong></span> <span class='ocrx_word' id='word_1_96' title='bbox 1324 1900 1444 1963; x_wconf 74' lang='lat' dir='ltr'><strong>existi·</strong></span> 
     </span>
     <span class='ocr_line' id='line_1_14' title="bbox 304 2006 1444 2095; baseline 0.003 -23"><span class='ocrx_word' id='word_1_97' title='bbox 304 2012 461 2075; x_wconf 78' lang='lat' dir='ltr'><strong>moverim</strong></span> <span class='ocrx_word' id='word_1_98' title='bbox 495 2009 637 2073; x_wconf 88' lang='lat' dir='ltr'><strong>tlebilem</strong></span> <span class='ocrx_word' id='word_1_99' title='bbox 675 2010 763 2072; x_wconf 88' lang='lat' dir='ltr'><strong>illam</strong></span> <span class='ocrx_word' id='word_1_100' title='bbox 796 2009 944 2072; x_wconf 80' lang='lat' dir='ltr'><strong>Heraclii</strong></span> <span class='ocrx_word' id='word_1_101' title='bbox 974 2008 1188 2093; x_wconf 78' lang='lat' dir='ltr'><strong>imperatoris</strong></span> <span class='ocrx_word' id='word_1_102' title='bbox 1221 2006 1356 2076; x_wconf 69' lang='grc' dir='ltr'><strong>ἔκθεσιν</strong></span> <span class='ocrx_word' id='word_1_103' title='bbox 1387 2014 1444 2095; x_wconf 73' lang='grc' dir='ltr'><strong>τῆς</strong></span> 
     </span>
     <span class='ocr_line' id='line_1_15' title="bbox 304 2118 1442 2205; baseline 0 -21"><span class='ocrx_word' id='word_1_104' title='bbox 304 2118 465 2202; x_wconf 70' lang='grc' dir='ltr'><strong>πίστεως,</strong></span> <span class='ocrx_word' id='word_1_105' title='bbox 498 2142 586 2184; x_wconf 86' lang='lat' dir='ltr'><strong>anno</strong></span> <span class='ocrx_word' id='word_1_106' title='bbox 618 2122 689 2185; x_wconf 87' lang='grc'><strong>638.</strong></span> <span class='ocrx_word' id='word_1_107' title='bbox 713 2120 853 2201; x_wconf 83' lang='lat' dir='ltr'><strong>editam,</strong></span> <span class='ocrx_word' id='word_1_108' title='bbox 896 2142 963 2203; x_wconf 90' lang='lat' dir='ltr'><strong>qua</strong></span> <span class='ocrx_word' id='word_1_109' title='bbox 987 2120 1045 2185; x_wconf 91' lang='lat' dir='ltr'><strong>ille</strong></span> <span class='ocrx_word' id='word_1_110' title='bbox 1071 2142 1180 2204; x_wconf 89' lang='lat' dir='ltr'><strong>neque</strong></span> <span class='ocrx_word' id='word_1_111' title='bbox 1209 2144 1306 2185; x_wconf 86' lang='lat' dir='ltr'><strong>unam</strong></span> <span class='ocrx_word' id='word_1_112' title='bbox 1329 2142 1442 2205; x_wconf 83' lang='lat' dir='ltr'><strong>neque</strong></span> 
     </span>
     <span class='ocr_line' id='line_1_16' title="bbox 303 2211 1443 2316; baseline 0.004 -23"><span class='ocrx_word' id='word_1_113' title='bbox 303 2232 385 2297; x_wconf 88' lang='lat' dir='ltr'><strong>duas</strong></span> <span class='ocrx_word' id='word_1_114' title='bbox 415 2235 448 2295; x_wconf 87' lang='lat' dir='ltr'><strong>in</strong></span> <span class='ocrx_word' id='word_1_115' title='bbox 471 2230 604 2296; x_wconf 82' lang='lat' dir='ltr'><strong>Christo</strong></span> <span class='ocrx_word' id='word_1_116' title='bbox 634 2233 823 2296; x_wconf 79' lang='lat' dir='ltr'><strong>voluntates</strong></span> <span class='ocrx_word' id='word_1_117' title='bbox 851 2234 1063 2315; x_wconf 79' lang='lat' dir='ltr'><strong>imposterum</strong></span> <span class='ocrx_word' id='word_1_118' title='bbox 1095 2211 1335 2316; x_wconf 80' lang='lat' dir='ltr'><strong>praedicandas</strong></span> <span class='ocrx_word' id='word_1_119' title='bbox 1368 2254 1443 2297; x_wconf 86' lang='lat' dir='ltr'><strong>ease</strong></span> 
     </span>
     <span class='ocr_line' id='line_1_17' title="bbox 302 2342 1443 2439; baseline 0.001 -34"><span class='ocrx_word' id='word_1_120' title='bbox 302 2347 570 2429; x_wconf 80' lang='lat' dir='ltr'><strong>praescripserat</strong></span> <span class='ocrx_word' id='word_1_121' title='bbox 614 2342 699 2407; x_wconf 91' lang='lat' dir='ltr'><strong>Nam</strong></span> <span class='ocrx_word' id='word_1_122' title='bbox 728 2352 799 2407; x_wconf 88' lang='lat' dir='ltr'><strong>tota</strong></span> <span class='ocrx_word' id='word_1_123' title='bbox 829 2344 913 2406; x_wconf 84' lang='lat' dir='ltr'><strong>haec</strong></span> <span class='ocrx_word' id='word_1_124' title='bbox 946 2345 1112 2439; x_wconf 78' lang='lat' dir='ltr'><strong>expositio</strong></span> <span class='ocrx_word' id='word_1_125' title='bbox 1135 2354 1286 2407; x_wconf 78' lang='lat' dir='ltr'><strong>versatur</strong></span> <span class='ocrx_word' id='word_1_126' title='bbox 1316 2348 1349 2407; x_wconf 88' lang='lat' dir='ltr'><strong>in</strong></span> <span class='ocrx_word' id='word_1_127' title='bbox 1378 2365 1443 2409; x_wconf 82' lang='lat' dir='ltr'><strong>ex-</strong></span> 
     </span>
     <span class='ocr_line' id='line_1_18' title="bbox 302 2454 1442 2540; baseline 0.002 -23"><span class='ocrx_word' id='word_1_128' title='bbox 302 2455 456 2540; x_wconf 87' lang='lat' dir='ltr'><strong>plicanda</strong></span> <span class='ocrx_word' id='word_1_129' title='bbox 474 2474 553 2518; x_wconf 85' lang='lat' dir='ltr'><strong>vern</strong></span> <span class='ocrx_word' id='word_1_130' title='bbox 576 2462 610 2519; x_wconf 84' lang='lat' dir='ltr'><strong>et</strong></span> <span class='ocrx_word' id='word_1_131' title='bbox 633 2454 794 2518; x_wconf 85' lang='lat' dir='ltr'><strong>catholica</strong></span> <span class='ocrx_word' id='word_1_132' title='bbox 816 2454 858 2518; x_wconf 92' lang='lat' dir='ltr'><strong>de</strong></span> <span class='ocrx_word' id='word_1_133' title='bbox 881 2454 1008 2519; x_wconf 89' lang='lat' dir='ltr'><strong>duabus</strong></span> <span class='ocrx_word' id='word_1_134' title='bbox 1030 2454 1442 2519; x_wconf 84' lang='lat' dir='ltr'><strong>inChristovoluntatibus</strong></span> 
     </span>
     <span class='ocr_line' id='line_1_19' title="bbox 301 2565 1441 2651; baseline -0.002 -20"><span class='ocrx_word' id='word_1_135' title='bbox 301 2576 402 2650; x_wconf 87' lang='lat' dir='ltr'><strong>atque</strong></span> <span class='ocrx_word' id='word_1_136' title='bbox 426 2566 670 2651; x_wconf 65' lang='lat' dir='ltr'><strong>operationibus</strong></span> <span class='ocrx_word' id='word_1_137' title='bbox 702 2565 868 2648; x_wconf 88' lang='lat' dir='ltr'><strong>doctrina,</strong></span> <span class='ocrx_word' id='word_1_138' title='bbox 900 2587 998 2648; x_wconf 87' lang='lat' dir='ltr'><strong>quam</strong></span> <span class='ocrx_word' id='word_1_139' title='bbox 1028 2566 1085 2630; x_wconf 87' lang='lat' dir='ltr'><strong>illu</strong></span> <span class='ocrx_word' id='word_1_140' title='bbox 1111 2565 1259 2629; x_wconf 86' lang='lat' dir='ltr'><strong>Heraclii</strong></span> <span class='ocrx_word' id='word_1_141' title='bbox 1288 2567 1441 2648; x_wconf 85' lang='lat' dir='ltr'><strong>ecthesis,</strong></span> 
     </span>
     <span class='ocr_line' id='line_1_20' title="bbox 302 2676 1442 2763; baseline -0.002 -22"><span class='ocrx_word' id='word_1_142' title='bbox 302 2700 322 2741; x_wconf 89' lang='lat' dir='ltr'><strong>a</strong></span> <span class='ocrx_word' id='word_1_143' title='bbox 352 2678 469 2763; x_wconf 82' lang='lat' dir='ltr'><strong>Sergio</strong></span> <span class='ocrx_word' id='word_1_144' title='bbox 503 2676 571 2741; x_wconf 84' lang='grc' dir='ltr'><strong>ΟΡ.</strong></span> <span class='ocrx_word' id='word_1_145' title='bbox 593 2676 891 2744; x_wconf 87' lang='lat' dir='ltr'><strong>Monothelotarum</strong></span> <span class='ocrx_word' id='word_1_146' title='bbox 919 2678 1151 2743; x_wconf 79' lang='lat' dir='ltr'><strong>haeresiarcha</strong></span> <span class='ocrx_word' id='word_1_147' title='bbox 1181 2678 1325 2761; x_wconf 85' lang='lat' dir='ltr'><strong>maligne</strong></span> <span class='ocrx_word' id='word_1_148' title='bbox 1350 2698 1442 2741; x_wconf 89' lang='lat' dir='ltr'><strong>com·</strong></span> 
     </span>
     <span class='ocr_line' id='line_1_21' title="bbox 302 2788 1441 2875; baseline 0 -22"><span class='ocrx_word' id='word_1_149' title='bbox 302 2792 428 2875; x_wconf 86' lang='lat' dir='ltr'><strong>posita,</strong></span> <span class='ocrx_word' id='word_1_150' title='bbox 460 2809 615 2853; x_wconf 85' lang='lat' dir='ltr'><strong>eversura</strong></span> <span class='ocrx_word' id='word_1_151' title='bbox 642 2788 761 2853; x_wconf 84' lang='lat' dir='ltr'><strong>fuerat.</strong></span> <span class='ocrx_word' id='word_1_152' title='bbox 805 2788 851 2851; x_wconf 89' lang='lat' dir='ltr'><strong>Et</strong></span> <span class='ocrx_word' id='word_1_153' title='bbox 882 2789 967 2852; x_wconf 88' lang='lat' dir='ltr'><strong>beno</strong></span> <span class='ocrx_word' id='word_1_154' title='bbox 995 2789 1130 2871; x_wconf 88' lang='lat' dir='ltr'><strong>quidem</strong></span> <span class='ocrx_word' id='word_1_155' title='bbox 1163 2790 1245 2852; x_wconf 75' lang='lat' dir='ltr'><strong>haec</strong></span> <span class='ocrx_word' id='word_1_156' title='bbox 1274 2792 1441 2874; x_wconf 77' lang='lat' dir='ltr'><strong>expositio</strong></span> 
     </span>
     <span class='ocr_line' id='line_1_22' title="bbox 302 2900 1441 2986; baseline 0 -21"><span class='ocrx_word' id='word_1_157' title='bbox 302 2901 509 2986; x_wconf 80' lang='lat' dir='ltr'><strong>subjungitur</strong></span> <span class='ocrx_word' id='word_1_158' title='bbox 536 2902 582 2980; x_wconf 86' lang='lat' dir='ltr'><strong>ei,</strong></span> <span class='ocrx_word' id='word_1_159' title='bbox 618 2920 715 2982; x_wconf 86' lang='lat' dir='ltr'><strong>quem</strong></span> <span class='ocrx_word' id='word_1_160' title='bbox 746 2921 847 2983; x_wconf 86' lang='lat' dir='ltr'><strong>supra</strong></span> <span class='ocrx_word' id='word_1_161' title='bbox 877 2900 964 2980; x_wconf 84' lang='lat' dir='ltr'><strong>dixi,</strong></span> <span class='ocrx_word' id='word_1_162' title='bbox 997 2902 1252 2985; x_wconf 77' lang='lat' dir='ltr'><strong>progymnasiae</strong></span> <span class='ocrx_word' id='word_1_163' title='bbox 1279 2901 1441 2965; x_wconf 85' lang='lat' dir='ltr'><strong>hominem</strong></span> 
     </span>
     <span class='ocr_line' id='line_1_23' title="bbox 301 3012 1440 3094; baseline -0.003 -18"><span class='ocrx_word' id='word_1_164' title='bbox 301 3012 484 3077; x_wconf 85' lang='lat' dir='ltr'><strong>studiosum</strong></span> <span class='ocrx_word' id='word_1_165' title='bbox 514 3014 703 3091; x_wconf 76' lang='lat' dir='ltr'><strong>instruenti,</strong></span> <span class='ocrx_word' id='word_1_166' title='bbox 733 3014 766 3074; x_wconf 91' lang='lat' dir='ltr'><strong>in</strong></span> <span class='ocrx_word' id='word_1_167' title='bbox 794 3012 915 3094; x_wconf 89' lang='lat' dir='ltr'><strong>quibus</strong></span> <span class='ocrx_word' id='word_1_168' title='bbox 942 3020 1019 3077; x_wconf 87' lang='lat' dir='ltr'><strong>ante</strong></span> <span class='ocrx_word' id='word_1_169' title='bbox 1047 3014 1156 3076; x_wconf 88' lang='lat' dir='ltr'><strong>omnia</strong></span> <span class='ocrx_word' id='word_1_170' title='bbox 1182 3032 1258 3075; x_wconf 86' lang='lat' dir='ltr'><strong>sese</strong></span> <span class='ocrx_word' id='word_1_171' title='bbox 1282 3030 1440 3075; x_wconf 81' lang='lat' dir='ltr'><strong>exercere</strong></span> 
     </span>
     <span class='ocr_line' id='line_1_24' title="bbox 303 3122 1440 3206; baseline -0.002 -19"><span class='ocrx_word' id='word_1_172' title='bbox 303 3124 432 3189; x_wconf 76' lang='lat' dir='ltr'><strong>debeas</strong></span> <span class='ocrx_word' id='word_1_173' title='bbox 476 3122 561 3187; x_wconf 88' lang='lat' dir='ltr'><strong>Nam</strong></span> <span class='ocrx_word' id='word_1_174' title='bbox 583 3124 631 3187; x_wconf 86' lang='lat' dir='ltr'><strong>sic</strong></span> <span class='ocrx_word' id='word_1_175' title='bbox 653 3126 783 3206; x_wconf 81' lang='lat' dir='ltr'><strong>incipit:</strong></span> <span class='ocrx_word' id='word_1_176' title='bbox 805 3123 1015 3204; x_wconf 66' lang='lat' dir='ltr'><strong>„Sciendum</strong></span> <span class='ocrx_word' id='word_1_177' title='bbox 1037 3144 1102 3186; x_wconf 92' lang='lat' dir='ltr'><strong>non</strong></span> <span class='ocrx_word' id='word_1_178' title='bbox 1124 3123 1305 3205; x_wconf 85' lang='lat' dir='ltr'><strong>quamlibet</strong></span> <span class='ocrx_word' id='word_1_179' title='bbox 1326 3141 1440 3185; x_wconf 78' lang='lat' dir='ltr'><strong>vocem</strong></span> 
     </span>
     <span class='ocr_line' id='line_1_25' title="bbox 301 3234 1440 3321; baseline -0.004 -21"><span class='ocrx_word' id='word_1_180' title='bbox 301 3235 344 3300; x_wconf 88' lang='lat' dir='ltr'><strong>ad</strong></span> <span class='ocrx_word' id='word_1_181' title='bbox 367 3236 524 3321; x_wconf 82' lang='lat' dir='ltr'><strong>dogmata</strong></span> <span class='ocrx_word' id='word_1_182' title='bbox 546 3236 761 3319; x_wconf 86' lang='lat' dir='ltr'><strong>pertinentem</strong></span> <span class='ocrx_word' id='word_1_183' title='bbox 792 3238 863 3299; x_wconf 87' lang='lat' dir='ltr'><strong>sine</strong></span> <span class='ocrx_word' id='word_1_184' title='bbox 886 3236 1037 3298; x_wconf 87' lang='lat' dir='ltr'><strong>examine</strong></span> <span class='ocrx_word' id='word_1_185' title='bbox 1060 3243 1094 3299; x_wconf 87' lang='lat' dir='ltr'><strong>et</strong></span> <span class='ocrx_word' id='word_1_186' title='bbox 1115 3234 1345 3317; x_wconf 83' lang='lat' dir='ltr'><strong>disquisitione</strong></span> <span class='ocrx_word' id='word_1_187' title='bbox 1367 3254 1440 3296; x_wconf 82' lang='lat' dir='ltr'><strong>am-</strong></span> 
     </span>
     <span class='ocr_line' id='line_1_26' title="bbox 300 3344 1440 3431; baseline 0 -22"><span class='ocrx_word' id='word_1_188' title='bbox 300 3346 507 3431; x_wconf 84' lang='lat' dir='ltr'><strong>plectendam</strong></span> <span class='ocrx_word' id='word_1_189' title='bbox 529 3346 634 3409; x_wconf 86' lang='lat' dir='ltr'><strong>csse“.</strong></span> <span class='ocrx_word' id='word_1_190' title='bbox 667 3344 713 3408; x_wconf 87' lang='lat' dir='ltr'><strong>Et</strong></span> <span class='ocrx_word' id='word_1_191' title='bbox 737 3346 924 3430; x_wconf 86' lang='lat' dir='ltr'><strong>exemplum</strong></span> <span class='ocrx_word' id='word_1_192' title='bbox 945 3345 1043 3411; x_wconf 83' lang='lat' dir='ltr'><strong>affert</strong></span> <span class='ocrx_word' id='word_1_193' title='bbox 1066 3367 1106 3409; x_wconf 92' lang='lat' dir='ltr'><strong>eo</strong></span> <span class='ocrx_word' id='word_1_194' title='bbox 1128 3354 1277 3429; x_wconf 84' lang='lat' dir='ltr'><strong>tempore</strong></span> <span class='ocrx_word' id='word_1_195' title='bbox 1297 3347 1440 3409; x_wconf 85' lang='lat' dir='ltr'><strong>maxime</strong></span> 
     </span>
     <span class='ocr_line' id='line_1_27' title="bbox 298 3456 1441 3541; baseline -0.002 -20"><span class='ocrx_word' id='word_1_196' title='bbox 298 3457 462 3523; x_wconf 89' lang='lat' dir='ltr'><strong>idoneum.</strong></span> <span class='ocrx_word' id='word_1_197' title='bbox 508 3456 617 3538; x_wconf 77' lang='lat' dir='ltr'><strong>„Fieri</strong></span> <span class='ocrx_word' id='word_1_198' title='bbox 640 3458 725 3521; x_wconf 89' lang='lat' dir='ltr'><strong>enim</strong></span> <span class='ocrx_word' id='word_1_199' title='bbox 747 3464 876 3541; x_wconf 87' lang='lat' dir='ltr'><strong>potest,</strong></span> <span class='ocrx_word' id='word_1_200' title='bbox 899 3459 1021 3539; x_wconf 82' lang='lat' dir='ltr'><strong>inquit,</strong></span> <span class='ocrx_word' id='word_1_201' title='bbox 1051 3466 1089 3521; x_wconf 88' lang='lat' dir='ltr'><strong>ut</strong></span> <span class='ocrx_word' id='word_1_202' title='bbox 1109 3459 1183 3540; x_wconf 88' lang='lat' dir='ltr'><strong>quis</strong></span> <span class='ocrx_word' id='word_1_203' title='bbox 1205 3460 1261 3541; x_wconf 91' lang='lat' dir='ltr'><strong>pie</strong></span> <span class='ocrx_word' id='word_1_204' title='bbox 1287 3466 1322 3521; x_wconf 90' lang='lat' dir='ltr'><strong>et</strong></span> <span class='ocrx_word' id='word_1_205' title='bbox 1342 3457 1441 3539; x_wconf 90' lang='lat' dir='ltr'><strong>impie</strong></span> 
     </span>
     <span class='ocr_line' id='line_1_28' title="bbox 301 3566 1440 3646; baseline -0.001 -14"><span class='ocrx_word' id='word_1_206' title='bbox 301 3569 382 3633; x_wconf 84' lang='lat' dir='ltr'><strong>dune</strong></span> <span class='ocrx_word' id='word_1_207' title='bbox 405 3571 439 3630; x_wconf 94' lang='lat' dir='ltr'><strong>in</strong></span> <span class='ocrx_word' id='word_1_208' title='bbox 451 3566 583 3632; x_wconf 78' lang='lat' dir='ltr'><strong>Christo</strong></span> <span class='ocrx_word' id='word_1_209' title='bbox 606 3577 739 3632; x_wconf 86' lang='lat' dir='ltr'><strong>naturas</strong></span> <span class='ocrx_word' id='word_1_210' title='bbox 762 3577 904 3646; x_wconf 86' lang='lat' dir='ltr'><strong>asserat,</strong></span> <span class='ocrx_word' id='word_1_211' title='bbox 926 3568 1075 3632; x_wconf 87' lang='lat' dir='ltr'><strong>similiter</strong></span> <span class='ocrx_word' id='word_1_212' title='bbox 1097 3576 1132 3631; x_wconf 89' lang='lat' dir='ltr'><strong>et</strong></span> <span class='ocrx_word' id='word_1_213' title='bbox 1153 3567 1236 3632; x_wconf 88' lang='lat' dir='ltr'><strong>duas</strong></span> <span class='ocrx_word' id='word_1_214' title='bbox 1254 3568 1440 3632; x_wconf 76' lang='lat' dir='ltr'><strong>voluntates</strong></span> 
     </span>
     <span class='ocr_line' id='line_1_29' title="bbox 302 3678 1439 3765; baseline -0.002 -21"><span class='ocrx_word' id='word_1_215' title='bbox 302 3688 337 3745; x_wconf 86' lang='lat' dir='ltr'><strong>et</strong></span> <span class='ocrx_word' id='word_1_216' title='bbox 359 3681 567 3765; x_wconf 88' lang='lat' dir='ltr'><strong>operationes</strong></span> <span class='ocrx_word' id='word_1_217' title='bbox 591 3688 625 3743; x_wconf 88' lang='lat' dir='ltr'><strong>ct</strong></span> <span class='ocrx_word' id='word_1_218' title='bbox 647 3681 754 3743; x_wconf 85' lang='lat' dir='ltr'><strong>omnia</strong></span> <span class='ocrx_word' id='word_1_219' title='bbox 775 3679 842 3743; x_wconf 83' lang='lat' dir='ltr'><strong>alin</strong></span> <span class='ocrx_word' id='word_1_220' title='bbox 861 3679 906 3742; x_wconf 87' lang='lat' dir='ltr'><strong>ad</strong></span> <span class='ocrx_word' id='word_1_221' title='bbox 929 3678 1110 3743; x_wconf 87' lang='lat' dir='ltr'><strong>doctrinam</strong></span> <span class='ocrx_word' id='word_1_222' title='bbox 1140 3680 1219 3745; x_wconf 90' lang='lat' dir='ltr'><strong>fidei</strong></span> <span class='ocrx_word' id='word_1_223' title='bbox 1247 3681 1439 3763; x_wconf 86' lang='lat' dir='ltr'><strong>spectantia.</strong></span> 
     </span>
     <span class='ocr_line' id='line_1_30' title="bbox 301 3789 1440 3877; baseline -0.002 -23"><span class='ocrx_word' id='word_1_224' title='bbox 301 3793 366 3872; x_wconf 81' lang='lat' dir='ltr'><strong>Qui</strong></span> <span class='ocrx_word' id='word_1_225' title='bbox 388 3794 488 3877; x_wconf 86' lang='lat' dir='ltr'><strong>igitur</strong></span> <span class='ocrx_word' id='word_1_226' title='bbox 516 3792 550 3853; x_wconf 90' lang='lat' dir='ltr'><strong>in</strong></span> <span class='ocrx_word' id='word_1_227' title='bbox 572 3789 703 3855; x_wconf 82' lang='lat' dir='ltr'><strong>Christo</strong></span> <span class='ocrx_word' id='word_1_228' title='bbox 727 3790 811 3855; x_wconf 86' lang='lat' dir='ltr'><strong>duas</strong></span> <span class='ocrx_word' id='word_1_229' title='bbox 840 3790 1008 3856; x_wconf 85' lang='lat' dir='ltr'><strong>naturales</strong></span> <span class='ocrx_word' id='word_1_230' title='bbox 1022 3792 1256 3875; x_wconf 82' lang='lat' dir='ltr'><strong>‘proprietates</strong></span> <span class='ocrx_word' id='word_1_231' title='bbox 1282 3798 1440 3870; x_wconf 64' lang='lat' dir='ltr'><strong>statuunt,</strong></span> 
     </span>
     <span class='ocr_line' id='line_1_31' title="bbox 300 3901 1437 3987; baseline -0.004 -18"><span class='ocrx_word' id='word_1_232' title='bbox 300 3906 347 3969; x_wconf 91' lang='lat' dir='ltr'><strong>illi</strong></span> <span class='ocrx_word' id='word_1_233' title='bbox 369 3905 464 3969; x_wconf 86' lang='lat' dir='ltr'><strong>nobis</strong></span> <span class='ocrx_word' id='word_1_234' title='bbox 489 3902 656 3987; x_wconf 82' lang='lat' dir='ltr'><strong>explicent</strong></span> <span class='ocrx_word' id='word_1_235' title='bbox 677 3902 786 3983; x_wconf 88' lang='lat' dir='ltr'><strong>velim,</strong></span> <span class='ocrx_word' id='word_1_236' title='bbox 809 3904 975 3985; x_wconf 86' lang='lat' dir='ltr'><strong>quomodo</strong></span> <span class='ocrx_word' id='word_1_237' title='bbox 998 3922 1114 3967; x_wconf 88' lang='lat' dir='ltr'><strong>vocem</strong></span> <span class='ocrx_word' id='word_1_238' title='bbox 1135 3903 1224 3965; x_wconf 88' lang='lat' dir='ltr'><strong>illam</strong></span> <span class='ocrx_word' id='word_1_239' title='bbox 1248 3901 1437 3983; x_wconf 83' lang='lat' dir='ltr'><strong>„naturalc“</strong></span> 
     </span>
     <span class='ocr_line' id='line_1_32' title="bbox 300 4013 1440 4101; baseline -0.004 -22"><span class='ocrx_word' id='word_1_240' title='bbox 300 4018 471 4101; x_wconf 79' lang='lat' dir='ltr'><strong>accipiant</strong></span> <span class='ocrx_word' id='word_1_241' title='bbox 504 4016 622 4079; x_wconf 85' lang='lat' dir='ltr'><strong>Potest</strong></span> <span class='ocrx_word' id='word_1_242' title='bbox 644 4017 728 4078; x_wconf 89' lang='lat' dir='ltr'><strong>enim</strong></span> <span class='ocrx_word' id='word_1_243' title='bbox 751 4022 786 4077; x_wconf 87' lang='lat' dir='ltr'><strong>et</strong></span> <span class='ocrx_word' id='word_1_244' title='bbox 807 4014 912 4098; x_wconf 87' lang='lat' dir='ltr'><strong>probe</strong></span> <span class='ocrx_word' id='word_1_245' title='bbox 934 4023 968 4078; x_wconf 87' lang='lat' dir='ltr'><strong>et</strong></span> <span class='ocrx_word' id='word_1_246' title='bbox 989 4014 1137 4098; x_wconf 88' lang='lat' dir='ltr'><strong>improbe</strong></span> <span class='ocrx_word' id='word_1_247' title='bbox 1159 4015 1274 4099; x_wconf 87' lang='lat' dir='ltr'><strong>accipi.</strong></span> <span class='ocrx_word' id='word_1_248' title='bbox 1309 4013 1440 4077; x_wconf 80' lang='lat' dir='ltr'><strong>Dicitur</strong></span> 
     </span>
    </p>
   </div>
   <div class='ocr_carea' id='block_1_3' title="bbox 301 4125 1441 4209">
    <p class='ocr_par' dir='ltr' id='par_1_4' title="bbox 301 4125 1441 4209">
     <span class='ocr_line' id='line_1_33' title="bbox 301 4125 1441 4209; baseline -0.004 -18"><span class='ocrx_word' id='word_1_249' title='bbox 301 4130 386 4191; x_wconf 89' lang='lat' dir='ltr'><strong>enim</strong></span> <span class='ocrx_word' id='word_1_250' title='bbox 409 4126 558 4191; x_wconf 77' lang='lat' dir='ltr'><strong>natxrrale</strong></span> <span class='ocrx_word' id='word_1_251' title='bbox 581 4127 678 4191; x_wconf 87' lang='lat' dir='ltr'><strong>etiam</strong></span> <span class='ocrx_word' id='word_1_252' title='bbox 701 4125 735 4188; x_wconf 92' lang='lat' dir='ltr'><strong>id</strong></span> <span class='ocrx_word' id='word_1_253' title='bbox 756 4126 847 4209; x_wconf 88' lang='lat' dir='ltr'><strong>quod</strong></span> <span class='ocrx_word' id='word_1_254' title='bbox 868 4126 906 4189; x_wconf 87' lang='lat' dir='ltr'><strong>fit</strong></span> <span class='ocrx_word' id='word_1_255' title='bbox 934 4126 1113 4190; x_wconf 87' lang='lat' dir='ltr'><strong>secundum</strong></span> <span class='ocrx_word' id='word_1_256' title='bbox 1135 4144 1338 4189; x_wconf 88' lang='lat' dir='ltr'><strong>communem</strong></span> <span class='ocrx_word' id='word_1_257' title='bbox 1359 4144 1441 4187; x_wconf 90' lang='lat' dir='ltr'><strong>con·</strong></span> 
     </span>
    </p>
   </div>
   <div class='ocr_carea' id='block_1_4' title="bbox 299 4343 608 4361">
    <p class='ocr_par' dir='ltr' id='par_1_5' title="bbox 299 4343 608 4361">
     <span class='ocr_line' id='line_1_34' title="bbox 299 4343 608 4361; baseline 0.006 -8"><span class='ocrx_word' id='word_1_258' title='bbox 299 4343 608 4361; x_wconf 64' lang='grc' dir='ltr'><strong>-σ-σ--Ρ-ι--·</strong></span> 
     </span>
    </p>
   </div>
   <div class='ocr_carea' id='block_1_5' title="bbox 369 4486 659 4553">
    <p class='ocr_par' dir='ltr' id='par_1_6' title="bbox 369 4486 659 4553">
     <span class='ocr_line' id='line_1_35' title="bbox 369 4486 659 4553; baseline -0.01 -15"><span class='ocrx_word' id='word_1_259' title='bbox 369 4486 463 4553; x_wconf 83' lang='lat' dir='ltr'><strong>¹)col.</strong></span> <span class='ocrx_word' id='word_1_260' title='bbox 485 4488 535 4537; x_wconf 72' lang='lat' dir='ltr'><strong>lta</strong></span> <span class='ocrx_word' id='word_1_261' title='bbox 554 4492 582 4537; x_wconf 84' lang='lat' dir='ltr'><strong>et</strong></span> <span class='ocrx_word' id='word_1_262' title='bbox 602 4486 659 4538; x_wconf 77' lang='lat' dir='ltr'><strong>lou.</strong></span> 
     </span>
    </p>
   </div>
   <div class='ocr_carea' id='block_1_6' title="bbox 0 0 1618 5217">
    <p class='ocr_par' dir='ltr' id='par_1_7' title="bbox 0 0 1618 5217">
     <span class='ocr_line' id='line_1_36' title="bbox 0 0 1618 5217; baseline 0 3"><span class='ocrx_word' id='word_1_263' title='bbox 0 0 1618 5217; x_wconf 95' lang='lat' dir='ltr'><strong> </strong></span> 
     </span>
    </p>
   </div>
   <div class='ocr_carea' id='block_1_7' title="bbox 1610 1363 1616 2140">
    <p class='ocr_par' dir='ltr' id='par_1_8' title="bbox 1610 1363 1616 2140">
     <span class='ocr_line' id='line_1_37' title="bbox 1610 1363 1616 2140; baseline 0 0"><span class='ocrx_word' id='word_1_264' title='bbox 1610 1363 1616 2140; x_wconf 95' lang='lat' dir='ltr'><strong> </strong></span> 
     </span>
    </p>
   </div>
  </div>
 </body>
</html>
