3225 5217
419 626 692 709 quemadmodum
709 626 789 692 fecit
800 625 991 691 Ammonius
1008 626 1428 711 contraHaliearnusseum,

421 760 518 821 quam
540 741 718 805 antithesin
739 742 888 803 invenies
911 742 945 801 in
966 747 1085 822 quarta
1104 748 1201 823 parte
1221 738 1253 823 ¹).

344 853 394 915 14.
417 848 668 915 Observandum
709 860 759 915 est
774 889 802 931 ,·
826 852 1078 935 Menophysitas
1117 853 1190 935 ipsa
1229 851 1339 916 calicis
1378 854 1429 916 sui

391 962 584 1027 oblatione
614 962 777 1048 redargui.
822 964 946 1027 Parum
979 964 1064 1027 enim
1097 984 1289 1047 merumque
1319 965 1429 1027 viuum

420 1074 576 1155 offerunt,
611 1074 737 1157 absque
767 1072 969 1137 admixtione
998 1094 1114 1157 aquae.
1170 1075 1244 1154 Q'uo
1276 1075 1430 1156 indicant,

420 1184 585 1250 Christum
617 1186 658 1249 ab
692 1187 791 1255 omni.
812 1187 1021 1249 annotatione
1054 1189 1203 1270 corporis
1235 1195 1269 1251 et
1304 1189 1429 1251 animae

419 1296 558 1361 liberum
581 1317 624 1361 ex
647 1297 718 1361 sola
740 1296 894 1379 nudaque
917 1296 1088 1361 divinitate
1111 1299 1284 1363 constare“
1298 1297 1334 1383 ²).

379 1407 472 1472 Haec
490 1428 569 1494 ergo
588 1417 673 1491 sunt,
697 1428 781 1491 quae
801 1416 838 1471 ut
851 1415 927 1471 aute
941 1385 1048 1471 omnia
1065 1408 1149 1474 bene
1165 1413 1258 1491 sciat,
1281 1410 1430 1493 quisquis

293 1542 366 1587 cum
389 1520 563 1584 haereticis
579 1518 735 1603 congredi
757 1518 848 1601 velit,
871 1518 934 1583 hac
955 1524 1191 1604 progymnasia
1211 1525 1431 1604 requiruntur.

294 1632 462 1699 Jamvero
485 1651 559 1694 curn
582 1651 619 1699 se
641 1632 712 1715 ipse
734 1638 849 1695 auctor
870 1630 1065 1715 profiteatur
1083 1631 1264 1713 catholicae
1283 1634 1430 1695 veritatis

293 1751 556 1829 propugnatores
589 1744 838 1823 instructurum,
872 1762 916 1805 cx
948 1741 1013 1805 hoe
1044 1744 1117 1826 ipso
1149 1745 1311 1829 conjicere
1343 1742 1431 1825 licet,

294 1854 430 1919 eandem
448 1874 520 1918 eum
531 1852 617 1916 viar'n
640 1874 680 1917 ao
701 1855 861 1917 rationem
882 1855 917 1917 iu
936 1853 1000 1917 hoc
1013 1874 1074 1917 suo
1091 1874 1191 1939 opere
1209 1856 1432 1918 instituturum

295 1987 385 2047 esse,
417 1986 515 2049 quam
544 1986 604 2029 sua
632 1966 865 2049 progymnasia
887 1966 978 2049 (cap.
999 1964 1046 2049 Ι.)
1076 1964 1269 2051 designavit.
1313 1966 1432 2049 Itaque

295 2098 381 2143 nuuc
402 2075 639 2163 perlustremus
661 2078 770 2160 capita
791 2079 972 2159 sequentia.

380 2187 492 2270 Atque
516 2190 657 2251 occurrit
677 2187 772 2251 uobis
796 2188 961 2273 caputli,
985 2187 1075 2272 quod
1096 2189 1299 2254 inscribitur:
1321 2188 1432 2271 „Cum

297 2300 387 2365 Deos
444 2298 556 2361 Variae
597 2299 786 2379 definitiones
825 2300 992 2363 secuudum
1031 2301 1227 2365 traditionem
1271 2307 1299 2363 et
1341 2302 1432 2366 tuem

295 2417 419 2475 sunctae
449 2410 615 2487 catholicoe
644 2411 801 2492 ecclesiae,
836 2432 876 2474 eu
905 2410 1059 2476 Clemente
1091 2419 1121 2476 et
1148 2415 1261 2477 soumis
1287 2414 1432 2477 Patribus
1489 2484 1491 2488 ¹

295 2525 456 2604 collectae,
487 2544 569 2606 quas
598 2530 674 2587 ante
703 2544 815 2588 omncs
836 2524 919 2589 alias
942 2523 1130 2608 disciplinas
1153 2524 1279 2589 discere
1302 2531 1433 2609 oportet

294 2636 401 2717 illum,
439 2638 495 2718 qui
528 2635 638 2699 divina
670 2635 801 2721 adjutus
836 2624 942 2721 gratia
973 2636 1076 2700 verbo
1108 2638 1241 2721 pietatis
1277 2657 1432 2720 praeesse

295 2748 447 2832 cogitat“.
473 2747 698 2829 Meminimus,
722 2748 836 2811 harum
853 2746 1076 2813 definit-ionum
1097 2750 1247 2822 notitiam
1266 2757 1433 2813 auctorem

236 2842 241 2853 ’
294 2859 506 2942 requisivisse
540 2860 572 2921 in
605 2860 837 2943 progymnasia
870 2859 934 2923 sub
959 2881 1046 2924 num.
1069 2858 1139 2943 2³).
1184 2859 1361 2925 Veniamus
1390 2859 1432 2923 ad

295 2978 394 3053 caput
409 2968 468 3034 ΙΙΙ.
500 2969 565 3034 Hic
584 2972 675 3033 initio
697 2973 825 3055 positos
840 2970 989 3035 videmus
1004 2975 1038 3034 in
1057 2970 1154 3036 editis
1168 2970 1250 3037 duos
1266 2970 1432 3051 articulos

294 3080 354 3145 scd
376 3101 567 3166 perperam,
597 3102 672 3145 nam
694 3090 770 3146 aute
792 3082 920 3146 titulum
943 3086 1061 3166 capitis
1083 3082 1143 3145 III.
1165 3083 1335 3167 ponendos
1359 3104 1432 3147 esse

295 3201 441 3278 apparet.
476 3191 602 3257 Horum
623 3195 708 3257 enim
725 3215 807 3258 unus
824 3196 968 3278 pertinet
978 3193 1020 3257 ad
1041 3194 1199 3258 scholium
1214 3194 1432 3279 praecedens:

296 3304 488 3387 „Refutatio
510 3304 723 3389 problematis
746 3305 833 3369 illius
855 3306 944 3391 apud
960 3304 1223 3390 ,Monophysitas
1248 3306 1345 3371 valde
1368 3305 1432 3370 de·
1461 3367 1465 3371 .

296 3419 434 3499 cantati,
466 3416 588 3480 nullam
617 3438 691 3481 esse
722 3426 871 3481 naturam
893 3419 964 3481 sine
985 3417 1190 3501 hypostasim
1234 3417 1331 3483 Alter
1352 3396 1432 3483 vero

292 3527 447 3607 articulus
469 3549 535 3593 non
557 3537 609 3593 est
630 3531 693 3593 nisi
710 3528 872 3611 quaedam
894 3530 1109 3613 praemonitio
1130 3528 1175 3593 ad
1193 3531 1325 3613 eosqui
1347 3530 1433 3594 hunc

292 3639 408 3707 librum
440 3647 551 3705 essent
578 3640 706 3705 lecturi.
750 3640 841 3724 Ergo
872 3647 971 3724 caput
992 3639 1051 3703 III.
1080 3640 1302 3725 incipiendum
1330 3650 1381 3705 est
1412 3663 1434 3704 a

292 3759 388 3835 parte
411 3754 520 3837 operis
543 3754 714 3836 sequenti,
737 3772 823 3835 quae
845 3751 975 3815 titulum
997 3752 1114 3817 habet:
1136 3753 1295 3823 Aaesluril
1316 3754 1434 3815 nrlnlml

295 3942 927 3951 mmmm-*ss--m-w
943 3944 967 3949 ..-
975 3945 1093 3951 ...ῳ-ῃ
1111 3946 1115 3951 ,

362 4060 384 4127 ¹)
405 4061 450 4113 Sic
472 4062 573 4111 latinus
598 4064 730 4125 interpres
755 4062 893 4111 transtulit
915 4055 958 4112 rb:
983 4058 1034 4125 „iu
1058 4069 1094 4133 τῷ
1112 4058 1265 4134 verpattq‘t
1299 4062 1432 4136 Τετράδιον

293 4165 383 4209 autern
395 4158 505 4209 uldetur
524 4172 584 4207 esse
604 4170 689 4222 „opus
708 4148 955 4221 quatripartitum“.
981 4156 1054 4221 Ergo
1073 4160 1161 4206 minus
1179 4161 1253 4207 recte
1272 4159 1432 4207 translatum

292 4257 373 4317 puto:
393 4255 437 4319 „in
456 4256 552 4317 quarta
569 4250 674 4315 parte“.
702 4251 859 4301 Revocatur
876 4257 968 4302 autem
985 4252 1072 4302 lector
1089 4250 1123 4301 ad
1137 4266 1195 4315 cap.
1208 4252 1252 4301 14:
1274 4247 1432 4324 ,Ἀμμωνίου

292 4345 477 4419 Ἀλιξανὸρὲως
494 4343 557 4397 κατὰ
576 4346 779 4417 Monumentum&

361 4442 383 4508 ²)
404 4443 455 4493 col.
474 4444 507 4493 39
528 4444 555 4491 et
573 4442 615 4490 42.
894 4440 917 4506 ³)
936 4440 990 4491 vid.
1010 4455 1093 4507 supra
1111 4456 1173 4506 pag.
1193 4442 1234 4490 22.
