3225 5217
395 787 538 867 Quando
554 787 590 855 S.
604 790 726 854 Petrus
747 789 919 874 praediolo
939 791 1043 856 verba
1063 791 1212 876 protulit,
1233 799 1324 858 totus
1343 793 1450 860 iamne

307 899 449 998 mundus
469 899 675 985 infidelitati,
705 911 741 968 et
761 923 877 976 omnes
898 903 1014 990 populi
1034 905 1200 988 iniquitati
1221 874 1326 970 ‹l'editi
1346 914 1449 972 erant.
1505 889 1509 894 ¹

306 1010 359 1076 Eo
380 1014 483 1098 igitur
502 1021 672 1099 tempore,
701 1017 759 1098 qui
779 1016 889 1082 Deum
910 1017 1048 1082 timebat
1070 1026 1106 1084 et
1126 1015 1327 1102 operabatur
1343 1018 1447 1102 justi·

306 1127 404 1208 tiam,
435 1133 536 1210 prout
561 1125 642 1191 iecit
664 1124 839 1192 Comelins
868 1136 903 1194 et
925 1127 1102 1212 Centurio,
1131 1129 1160 1193 is
1190 1137 1347 1214 acceptus
1377 1136 1448 1192 erat

305 1236 397 1319 Deo,
419 1236 550 1320 Deique
572 1236 680 1302 cultor
700 1239 898 1321 vocabatur,
918 1243 991 1306 sive
1013 1237 1179 1323 Judaeus,
1202 1242 1274 1305 sivo
1297 1237 1445 1304 Groeous

307 1356 406 1429 esset,
427 1350 526 1414 aienti
547 1351 646 1415 etiam
656 1349 824 1416 Ninivitee
847 1359 881 1416 et
902 1353 999 1418 omini
1010 1351 1079 1418 Job
1090 1351 1154 1418 Dei
1175 1351 1320 1418 cultores
1344 1359 1446 1416 erant.

304 1459 464 1529 Doctrina
485 1479 566 1524 vero
588 1458 713 1526 Ohnati
733 1461 943 1548 promulgata
965 1471 1000 1528 et
1021 1463 1182 1548 apostolis
1204 1461 1248 1528 ad
1273 1445 1444 1528 ¹instruen-

305 1568 383 1636 dum
403 1591 464 1636 nos
486 1570 529 1637 de
550 1571 715 1657 beptiamo
736 1575 863 1655 missis,
892 1573 971 1639 audi
994 1573 1075 1658 quid
1096 1573 1186 1639 diost
1206 1573 1250 1640 ad
1280 1595 1352 1640 eos:
1388 1571 1445 1657 „In

304 1703 533 1768 quameunque
547 1683 714 1748 civitatem
734 1685 948 1768 intraveritis,
970 1706 1079 1769 noque
1097 1685 1262 1750 audierint
1277 1705 1448 1750 sermones

302 1802 452 1878 vestros,
487 1802 649 1862 exeuntes
677 1795 770 1862 foras
797 1797 896 1862 etium
924 1796 1094 1882 pulverem
1116 1795 1238 1882 pedum
1260 1804 1445 1862 vestrorum

301 1907 335 1976 in
356 1906 432 1972 illos
453 1909 611 1974 excutite
648 1906 756 1972 Amen
778 1907 853 1972 dieo
875 1907 986 1974 vobis:
1009 1907 1228 1974 Tolerabilius
1251 1910 1313 1973 erit
1334 1916 1443 1974 terrae

302 2013 521 2089 sodomorum
554 2027 589 2084 et
616 2012 916 2086 Gomorrhaeorum
946 2021 980 2084 in
1014 2018 1068 2084 die
1095 2018 1230 2106 judieii,
1262 2040 1362 2104 quam
1395 2017 1442 2082 illi

301 2129 447 2196 eivitati“
466 2130 498 2213 ¹).
529 2129 705 2210 Quomodo
727 2131 806 2216 ergo
828 2139 985 2216 acceptus
1007 2133 1071 2196 erit
1080 2131 1166 2214 Deo,
1189 2133 1246 2215 qui
1267 2127 1451 2196 nenoredit-

299 2259 361 2305 neo
383 2239 493 2308 defert
515 2240 685 2306 doetrinae
697 2239 843 2308 Christi?
874 2239 965 2306 Talis
988 2243 1072 2306 enim
1094 2263 1203 2327 neque
1217 2241 1325 2308 Deum
1347 2243 1440 2308 timot

298 2374 408 2437 neque
430 2333 587 2440 operatur
608 2354 779 2439 justitiam
823 2351 862 2418 In
891 2353 1029 2422 eandem
1054 2349 1250 2422 sententiam
1279 2357 1439 2440 aoeipitnr

299 2466 398 2530 etium
419 2464 515 2531 Pauli
537 2464 676 2530 dietum:
710 2463 800 2530 Ante
829 2464 1108 2551 praedicationem
1129 2465 1306 2552 Evangelii
1333 2466 1438 2530 luisse

299 2575 456 2662 „gloriam
479 2585 514 2642 et
533 2577 692 2644 honorem
713 2579 801 2644 omni
819 2580 970 2663 operanti
991 2576 1123 2661 bonum,
1145 2576 1277 2644 «Iudaeo
1299 2579 1438 2662 primum

299 2695 333 2751 ot
354 2683 505 2754 Graeco⁸
520 2687 556 2774 ⁷).
599 2689 684 2754 Post
704 2687 985 2778 praedicationem
1007 2711 1104 2756 voro:
1130 2687 1185 2768 „Si
1207 2689 1361 2776 angelus,
1382 2688 1436 2752 in-

297 2800 385 2883 quit,
427 2800 471 2870 ex.
505 2799 599 2866 coelo
631 2801 912 2888 evangelizaverit
943 2801 1039 2866 vobin
1076 2809 1308 2888 praeterquam
1347 2798 1437 2884 quod

297 2910 595 2997 evangelizavimus
617 2912 723 2996 vobis,
745 2911 920 2978 anathema
942 2914 1004 2978 siti
1020 2911 1055 2996 ⁸).
1158 2933 1163 2946 ·

673 3216 893 3300 oonnsnuo
917 3217 1066 3284 oxum.
1164 3298 1168 3306 ,

379 3356 547 3436 Quorsum
567 3355 690 3422 obeunt
710 3357 871 3438 inientes,
893 3355 1036 3422 mantne
1058 3355 1166 3422 adhuc
1187 3365 1355 3442 expertes,
1379 3364 1434 3422 ut-

283 3476 373 3552 pote
394 3469 621 3551 quinquennes
643 3467 699 3533 vel
720 3468 960 3553 quadriennos,
987 3468 1192 3536 ludaeorum
1214 3476 1249 3544 et
1270 3469 1433 3554 baptismo

293 3575 499 3642 carentium?
521 3599 599 3642 num
620 3580 655 3644 in
676 3577 937 3659 damnationem,
960 3601 1002 3644 an
1023 3583 1057 3644 in
1078 3578 1292 3666 paradisum?

771 3741 952 3868 Responsio.

378 3908 462 3976 Cum
482 3911 577 3976 Deus
591 3931 691 3976 ‚suam
712 3916 908 3979 sententiam
926 3915 993 4000 jam
1021 3913 1214 3999 protulerit,
1243 3912 1432 3996 iniquitates

291 4031 421 4108 patrum
443 4043 508 4088 non
529 4025 670 4088 transire
691 4025 725 4087 in
746 4023 850 4106 tilios,
880 4045 1006 4110 perque
1028 4024 1209 4110 prophetas
1225 4026 1428 4090 annuntiarit
1514 4089 1522 4094 ,

290 4317 475 4385 spiritunon
493 4318 606 4370 intrabit
622 4320 651 4368 ln
666 4331 782 4384 regnum
798 4316 954 4370 coelorum“
973 4316 1048 4384 (Joh.
1066 4319 1098 4383 3,
1116 4316 1154 4384 t).
1189 4318 1262 4383 Ergo
1280 4319 1428 4384 quaeruut,

290 4412 426 4480 quomodo
444 4411 489 4462 hia
506 4416 639 4464 oonsonet
657 4411 725 4462 illud
742 4410 871 4476 Apostoll
889 4411 1008 4462 dietum:
1026 4411 1088 4462 Ant.
1108 4413 1155 4477 10,
1174 4411 1216 4463 85.

360 4505 690 4574 ¹)itattu.10,1t.1o.
795 4505 1025 4573 ¹)Rom.i,10.
1131 4503 1233 4572 ³)Gal
1252 4508 1282 4572 1,
1299 4507 1324 4558 8.
