3225 5217
278 492 339 557 152

274 663 369 729 simul
397 665 637 730 Antiochenum
666 665 799 728 tertium
827 663 925 749 huJus
960 666 1117 749 nominis,
1153 673 1187 731 et
1220 665 1415 731 monachum

274 775 447 859 Sinaitam,
471 775 513 841 de
535 797 600 861 quo
624 797 724 862 supra
747 777 819 840 dixi
832 775 864 861 1).

333 870 337 879 ’
361 889 389 973 d.
423 887 542 952 Restat
564 887 706 971 denique
728 888 916 967 „Tractatus
939 888 976 952 de
995 888 1091 951 tribus
1109 886 1414 970 Quadrupesimnm)

274 998 350 1082 (col.
379 999 477 1083 1389)
509 1019 581 1064 cum
609 999 672 1062 hoc
697 999 810 1063 titulo:
851 999 1039 1081 „Anastesii
1066 1001 1273 1085 patriarchae
1301 1000 1415 1064 Theo-

273 1109 390 1196 poleos
411 1131 549 1196 magnae
571 1110 767 1176 Antioohiae
790 1112 833 1177 de
861 1115 983 1177 sanctis
1010 1112 1115 1176 tribus
1137 1111 1413 1196 Quadregesimis,

273 1221 360 1285 unde
392 1242 448 1286 eas
479 1222 656 1287 observare
689 1227 894 1308 accepimus,
931 1222 1086 1308 quodque
1122 1225 1179 1306 qui
1214 1243 1272 1286 eas
1304 1231 1414 1286 traus-

273 1331 479 1418 grediuutur‚
501 1333 610 1418 legem
632 1335 788 1398 violent“.
833 1335 942 1421 Hujus
957 1337 1056 1420 igitur
1074 1341 1234 1399 tractatus
1247 1328 1414 1402 auctorem

273 1443 450 1509 Anastasio
466 1453 579 1509 nostro
600 1444 696 1530 longe
713 1448 1030 1527 recentioremtesse,
1048 1447 1117 1531 jam
1135 1444 1267 1530 supra³)
1291 1447 1413 1510 nutavi.

273 1554 362 1619 Dicit
391 1559 494 1637 enim,
526 1557 811 1642 quadragesimam
833 1557 1025 1621 Natiuitatis
1053 1555 1176 1621 Christi
1206 1556 1413 1622 observatam

274 1687 347 1732 esse
375 1689 395 1732 a
418 1666 547 1760 Sanctis
569 1669 724 1733 Patribus
755 1676 788 1732 et
816 1676 944 1754 septem
974 1670 1191 1732 oecumenicis
1221 1667 1367 1732 conciliis
1377 1666 1413 1750 ⁴).

273 1777 454 1862 Septimum
484 1788 593 1843 autem
624 1780 688 1844 fuit
709 1780 891 1844 Nicaenum
919 1779 1078 1860 alterum,
1107 1799 1137 1842 a
1167 1780 1228 1842 787
1258 1778 1412 1842 habitum.

274 1890 378 1954 Miror
406 1898 532 1972 autem,
563 1889 652 1974 quod
675 1889 824 1956 Oudinus
855 1911 899 1954 ex
928 1891 992 1954 hoc
1013 1893 1086 1974 ipso
1108 1898 1251 1954 tractatu
1273 1887 1413 1974 probare

274 2003 414 2066 sustinet
424 1999 460 2084 ⁵),
483 2003 608 2066 vixisse
633 2004 719 2067 circa
741 2023 769 2066 a.
796 2003 880 2065 1010
901 2001 957 2066 vel
976 2000 1291 2064 lotnartensium
1307 2019 1413 2083 quen-

275 2113 365 2194 dam,
389 2133 486 2196 quem
508 2112 587 2177 dicit
609 2113 706 2200 hujus
727 2115 866 2178 nominis
889 2121 1054 2196 quartum,
1076 2112 1295 2196 patriarcham
1317 2108 1414 2174 simul

273 2222 514 2288 Antiochorum
531 2231 564 2290 et
581 2225 774 2292 monachum
793 2223 961 2306 Sinaitam,
984 2227 1038 2287 cui
1058 2224 1166 2288 omnia
1179 2245 1266 2308 pene
1279 2225 1414 2306 scripta,

274 2355 359 2418 quae
389 2335 451 2399 sub
480 2338 609 2400 nomine
640 2334 809 2400 Anastasii
838 2338 909 2400 sive
937 2335 1082 2400 Sinaitae
1112 2339 1184 2400 sive
1214 2333 1413 2398 Antiocheni

226 2434 232 2445 ¹
274 2447 420 2530 episcopi
443 2441 591 2528 e'xstant,
612 2446 715 2511 velint
736 2446 854 2529 nolint,
882 2446 1039 2513 attribuit
1082 2446 1135 2511 Ac
1154 2449 1257 2531 gratis
1280 2444 1411 2529 quidem
1532 2497 1538 2503 .

212 2601 215 2605 -
274 2558 445 2641 supponit,
475 2556 604 2620 titulum
627 2557 723 2644 hujus
745 2565 905 2622 tractatus
929 2579 1003 2622 esse
1032 2561 1224 2644 genuinum,
1257 2566 1412 2639 tauquam

274 2670 302 2732 si
323 2668 395 2732 fieri
415 2689 482 2732 non
502 2671 661 2752 potuerit,
690 2676 726 2733 ut
748 2668 867 2752 aliquis
889 2667 1030 2732 alienum
1053 2669 1139 2734 hunc
1161 2668 1290 2732 titulum
1310 2686 1412 2751 prae-

273 2787 426 2864 poneret,
456 2801 522 2863 quo
545 2783 572 2844 is
594 2781 683 2844 fetus
705 2781 809 2864 pluris
831 2779 1024 2862 haberetur,
1051 2789 1089 2845 ut
1111 2783 1273 2860 omittam,
1303 2796 1411 2861 neque

275 2890 497 2956 doctissimum
530 2891 735 2973 Lequieuum
769 2894 802 2954 in
836 2890 970 2956 Oriente
1004 2913 1065 2956 suo
1094 2890 1279 2957 Christiano
1312 2887 1412 2952 talem

272 3001 482 3066 Anastasium
505 3002 668 3086 quendam
693 3023 732 3066 eo
754 3011 902 3086 tempore
930 3004 1147 3087 patriarcham
1169 3001 1410 3066 Antiocheunm

272 3113 406 3178 referre.
446 3112 563 3197 Itaque
582 3116 711 3178 omnino
730 3115 874 3178 incertus
892 3115 971 3178 mihi
987 3114 1119 3179 videtur
1136 3114 1233 3200 hujus
1252 3119 1410 3177 tractatus

271 3224 314 3289 de
336 3224 442 3289 tribus
465 3224 724 3312 quadragesimis
746 3234 869 3290 auctor.
1091 3315 1093 3319 ι

357 3335 427 3402 Sed
458 3336 571 3402 demus
601 3337 730 3404 Oudino
760 3360 854 3404 suum
882 3338 1124 3404 Antiochenum
1152 3330 1320 3421 quartum,
1348 3358 1410 3401 nos

270 3447 443 3514 redeamus
465 3449 509 3514 ad
529 3457 685 3516 nostrum.

339 3851 361 3918 ¹)
380 3867 443 3919 pag.
462 3853 494 3904 61
515 3857 542 3903 et
560 3854 601 3904 62.

340 3946 363 4013 ²)
383 3962 420 3998 sc.
439 3948 647 4012 quadragesima
670 3933 769 4013 niagna
791 3952 820 3999 et
846 3947 1060 4014 quadragesimis
1076 3949 1236 4000 Natiuitatis
1255 3949 1356 4002 Christi
1379 3954 1407 4000 et

269 4042 446 4092 Dormitionis
463 4042 605 4107 Deiparae.

339 4135 362 4202 ⁸)
380 4151 443 4201 pag.
462 4136 504 4188 81.
919 4137 941 4204 ⁴)
960 4138 1011 4188 col,
1031 4138 1098 4189 1397
1115 4136 1149 4187 Α.

340 4222 479 4296 ⁸)'0udns
498 4234 562 4280 tom.
581 4230 615 4280 Π.
635 4231 685 4282 col.
705 4229 755 4282 647
774 4245 848 4295 seqq.

736 4533 942 4542 ——n-——o--u
