3225 5217
262 475 325 540 136

260 649 384 732 scripta
405 653 481 712 sunt
508 647 550 714 de
582 669 645 714 sex
668 647 801 732 diebus,
833 649 1069 736 exposuissent
1096 650 1206 714 missis
1234 647 1400 734 allegoriis
1507 627 1511 635 ¹

261 767 295 823 et
316 762 477 846 anagogis
496 759 527 842 ¹).
567 759 662 844 „Hoc
683 767 792 825 autem
816 781 875 826 eos
896 762 1026 830 fecisse·
1039 770 1176 847 proptor
1197 763 1326 825 inanem
1347 760 1400 824 la-

260 869 372 936 borem
396 869 567 957 origenis,
601 875 658 955 qui
687 875 874 938 universam
902 893 965 937 sex
996 872 1122 937 dierum
1151 881 1335 938 creaturam
1356 871 1401 936 ad

259 982 443 1050 fabulosam
468 980 664 1048 deduxisset
686 984 879 1070 allegoriam
900 1005 1010 1068 neque
1025 984 1205 1069 quidquam
1221 983 1399 1060 seeundum

261 1093 404 1160 litteram
420 1095 661 1160 intellexisset“
673 1093 708 1180 ²).
744 1096 985 1175 „Quamobrem
995 1098 1071 1182 jure
1086 1117 1219 1180 quoque
1234 1096 1401 1180 Synodiea

260 1208 520 1271 sententiosum
545 1206 730 1292 depositum
755 1216 788 1272 et
809 1209 969 1293 reJectum
991 1229 1075 1273 esse
1128 1207 1292 1294 Oportere
1316 1211 1402 1272 enim

259 1318 398 1401 primum
421 1317 594 1383 admittere
618 1319 803 1402 historiam,
827 1339 912 1403 qnae
927 1322 1101 1385 conveniat
1112 1320 1259 1401 litterae,
1283 1319 1402 1385 deinde

260 1428 318 1494 ubi
340 1436 492 1514 oporteat
513 1429 696 1514 procedere
719 1430 761 1494 ad
785 1433 975 1518 anagogas“
988 1430 1024 1516 ³).
1067 1431 1219 1497 Eundem
1231 1430 1400 1518 Originem

260 1539 446 1620 „infelicem
475 1550 596 1624 vocat,
631 1545 784 1626 quoniam
815 1564 887 1607 cum
918 1543 1039 1608 multos
1068 1552 1102 1608 et
1131 1543 1230 1618 utiles
1260 1543 1399 1608 sudores

262 1653 423 1716 emisisset
454 1654 488 1716 in
510 1651 662 1718 Ecclesia
691 1662 725 1718 et
754 1675 883 1719 omnem
904 1662 1051 1720 veterem
1079 1664 1114 1720 et
1143 1633 1263 1720 novam
1285 1653 1401 1740 Scrip-

260 1769 365 1826 turam
394 1763 437 1828 ad
465 1764 602 1830 verbum
633 1772 722 1830 esset
748 1768 1000 1852 interpretatus,
1032 1773 1152 1852 postea
1184 1769 1269 1832 sicut
1302 1769 1401 1831 etiam

261 1871 424 1940 Eusebius
460 1874 736 1959 palaestinensis,
775 1899 796 1941 a
833 1880 975 1943 veritate
1008 1877 1237 1961 exciderit“⁴).
1292 1878 1399 1957 Quem

262 1987 361 2052 etiarn
387 1987 472 2052 male
492 1990 631 2074 carpit,
665 1988 754 2072 quod
783 1990 1001 2071 existimavit,
1033 1989 1159 2076 lignum
1186 1992 1220 2054 in
1247 1987 1402 2073 paradiso

262 2101 406 2163 vetitum
421 2098 591 2165 mulierem
612 2101 717 2166 fuisse
732 2099 775 2184 i),
809 2108 845 2164 et
873 2099 963 2183 quod
990 2103 1116 2165 animas
1146 2108 1278 2166 nostras
1306 2101 1399 2184 prius

263 2210 454 2296 corporibus
489 2213 658 2276 exstitisse
687 2213 855 2279 fabulatus
887 2221 940 2277 est
954 2209 993 2296 ⁶).
1046 2212 1210 2276 Memorat
1242 2209 1402 2274 Theodo-
1451 2199 1454 2206 ’

262 2330 367 2386 retum
391 2321 573 2407 Cyreusem
602 2322 727 2390 dixisse
755 2324 854 2388 ficum
884 2337 958 2388 esse
981 2323 1103 2408 lignum
1124 2323 1271 2404 fructus,
1304 2340 1403 2403 quem

264 2433 462 2498 comedisset
482 2433 591 2498 Adam
610 2432 647 2517 Ἰ).
698 2437 879 2500 Praeterea
906 2434 1021 2499 laudat
1041 2433 1249 2498 Ammonium
1277 2431 1402 2517 proba-

263 2546 423 2611 tissimum
444 2543 616 2612 Ecclesiae
639 2546 886 2612 Alexandrinae
915 2549 1128 2632 interpretem
1137 2543 1186 2627 ⁸),
1215 2553 1251 2610 et
1278 2543 1403 2609 Eusta-

264 2655 368 2720 thium
391 2655 481 2722 illum
504 2659 537 2722 in
558 2658 727 2745 theologia
750 2659 997 2724 celeberrimum
1012 2660 1402 2722 concinatoremetmar-

264 2776 372 2852 tyram
395 2765 432 2834 et
450 2791 608 2836 summum
630 2770 757 2856 Synodi
772 2770 920 2835 Nicenac
938 2767 1163 2852 doctorem⁹)‚
1185 2766 1406 2852 Olympiodo-

263 2902 337 2944 rum
375 2880 517 2966 denique
551 2885 638 2948 inter
673 2882 889 2971 philosophos
923 2889 959 2946 et
995 2879 1148 2947 doctores
1183 2899 1337 2965 magnum
1371 2887 1407 2944 et

264 2991 514 3058 Alexandrinae
535 2992 707 3060 Ecclesiae
729 2994 902 3060 diaconum
913 2993 960 3078 ¹¹¹).

352 3103 421 3172 Sed
442 3106 525 3172 baec
546 3105 589 3172 de
612 3106 662 3170 his
683 3107 717 3170 iu
738 3105 974 3172 Hexaemeron
995 3104 1087 3170 libris
1116 3101 1289 3169 duodecim
1318 3101 1407 3166 dicta

266 3219 346 3283 satis
368 3221 441 3283 sint

267 3436 667 3446 fflm-
694 3436 790 3442 -—-—--
799 3431 1407 3444 --------—-———-——----—

337 3578 360 3644 ¹)
380 3580 431 3631 col.
451 3537 509 3630 Ι968.
614 3577 637 3644 ²)
656 3577 720 3629 lbtd.
739 3578 772 3628 D.
877 3576 901 3644 ⁸)
919 3576 984 3628 ibld.
1002 3577 1033 3627 B.
1139 3576 1162 3643 ⁴)
1180 3576 1232 3626 eol.
1252 3577 1303 3627 971
1321 3575 1354 3626 Ι).

337 3673 359 3740 ¹)
378 3673 430 3726 ool.
448 3675 499 3724 987
516 3672 551 3722 A.
709 3673 731 3738 ⁶)
750 3672 802 3722 ool.
822 3674 889 3724 1044
907 3670 937 3722 (i.
1093 3669 1116 3737 ²)
1135 3671 1188 3721 col.
1205 3672 1256 3722 971
1274 3670 1309 3720 Ι).

338 3768 360 3834 ⁸)
380 3770 431 3822 col.
450 3769 500 3822 856
519 3769 544 3820 A
563 3769 598 3820 cl.
612 3767 688 3820 diod.
709 3784 732 3819 c.
752 3770 793 3819 14.
813 3769 864 3818 col.
884 3768 935 3817 244
952 3781 1027 3831 seqq.

338 3865 363 3931 ⁹)
381 3865 432 3916 col.
451 3868 502 3920 944
519 3864 550 3915 Β.
576 3865 649 3914 Male
668 3867 760 3914 exstat
778 3860 988 3932 „Eustachium“
1007 3875 1057 3926 pro
1067 3858 1282 3927 „Eustatbium“.
1302 3860 1337 3910 ei.
1356 3859 1406 3909 col.

269 3957 603 4025 94A‚1060,1140.
1071 3977 1075 3982 ·
1109 3967 1113 3975 ’

339 4052 373 4120 ¹⁰)
391 4054 442 4108 ool.
461 4055 512 4105 986
531 4051 553 4104 G
571 4059 598 4105 et
616 4055 675 4106 937.
694 4051 748 4104 vid.
768 4066 853 4116 supra
870 4066 932 4116 pag.
953 4051 985 4102 'ld
1004 4064 1062 4114 seq.

732 4327 938 4338 ..hu—an·—
