3225 5217
1296 541 1337 607 87

195 709 307 798 τόμος
333 707 437 782 πάλιν
465 709 485 779 ὖ
516 708 681 802 sodalem}
703 707 883 802 Ἐκκλησία
911 703 1043 788 τούτους
1075 706 1260 796 ἆπεδίωξεν
1293 705 1340 788 οἷς

196 825 328 914 χοίροις
348 828 414 892 τῶν
436 821 537 913 ἁγίων
549 828 695 915 Χριστοῦ
715 829 774 894 τοῦ
784 828 871 894 Θεοῦ
892 819 983 912 ἡμῶν
999 817 1110 892 αὐλῶν
1125 823 1179 890 καὶ
1196 813 1340 892 ro'noaa“.

281 939 383 1004 Plura
404 947 514 1004 autem
538 935 580 1004 de
603 940 654 1004 his
676 939 805 1004 duabus
825 939 1073 1024 quaestionibus
1095 938 1173 1002 mihi
1195 935 1340 1002 notanda
1434 947 1439 962 ·
1497 935 1509 956 ’

194 1053 267 1116 visa
288 1059 374 1115 sunt
403 1046 516 1114 Primo
533 1053 759 1133 quaestionem
775 1053 829 1114 44.
847 1049 890 1114 ad
906 1049 1106 1114 Antiochum
1125 1051 1339 1114 recentiorem

195 1185 287 1244 esse,
316 1162 454 1247 conjicio
469 1162 525 1226 'ex
556 1182 615 1243 eo,
646 1161 736 1245 quod
761 1161 820 1225 illa
847 1171 960 1226 nostra
989 1164 1139 1244 quaestio
1168 1161 1240 1224 117.
1269 1179 1338 1224 rem

194 1296 254 1342 seu
276 1275 531 1361 disputationem
552 1279 680 1357 gestam
702 1281 815 1337 narrat
837 1281 871 1338 et
900 1275 946 1338 ita
975 1272 1108 1355 quidem
1137 1267 1338 1359 simpliciter,

192 1395 231 1452 ut
246 1386 332 1450 nihil
362 1389 396 1450 in
425 1405 465 1450 ea
495 1386 608 1449 lictum
638 1405 712 1449 esse
741 1405 895 1468 censeas3
931 1387 996 1448 ista
1022 1404 1103 1449 vero
1134 1395 1262 1469 quaest.
1286 1389 1338 1451 44.

193 1497 237 1563 ad
266 1497 464 1562 Antiochum
498 1495 680 1560 doctrinam
717 1495 869 1578 exhibet,
906 1497 1000 1579 quasi
1037 1517 1081 1560 ex
1115 1495 1337 1582 disputatione
1383 1483 1391 1492 ’

193 1609 334 1695 quadam
357 1608 470 1672 habita
500 1607 673 1672 collectam
695 1607 836 1690 aliisque
859 1606 1072 1691 sequendam.
1122 1607 1226 1691 Atqui
1256 1631 1338 1674 con-

194 1719 345 1802 cedetur,
373 1719 476 1783 multo
503 1719 634 1783 facilius
663 1739 706 1782 ex
739 1718 850 1802 aliqua
878 1739 915 1783 re
942 1727 1038 1805 gesta
1062 1695 1242 1785 doctrinam
1265 1720 1337 1786 col·-

192 1832 252 1917 ligi
279 1852 378 1914 quam
407 1829 450 1894 ad
479 1824 705 1894 illustrandam
734 1829 917 1894 doctrinam
946 1831 1089 1914 aliquam
1118 1851 1230 1896 casum
1257 1831 1337 1916 fingi

193 1951 227 2009 et
249 1942 381 2026 quidem
402 1943 473 2006 sine
495 1938 563 2006 ulla
584 1941 725 2006 fictionis
744 1941 865 2026 speeie.
908 1941 995 2007 Hinc
1020 1952 1085 2025 est,
1116 1941 1206 2027 quod
1231 1961 1337 2026 quae-

82 2111 87 2118 .
192 2057 331 2121 ctionem
351 2055 450 2118 etiam
461 2054 512 2116 44.
533 2051 576 2116 ad
593 2051 671 2116 Ant
686 2056 903 2118 recentiorem
922 2073 996 2118 esse
1008 2061 1129 2138 putem.
1153 2053 1336 2132 Confirmor

192 2184 289 2250 quam
311 2166 455 2230 maxime
478 2157 604 2244 ereo,
633 2163 722 2247 quod
745 2162 857 2228 inilia
880 2170 1006 2247 quaest.
1031 2165 1102 2232 117.
1127 2164 1201 2229 Ιοοο
1223 2173 1337 2230 sancta

192 2278 400 2341 nominantur
421 2274 508 2357 sola,
537 2275 635 2339 nullis
659 2273 797 2359 adjectis
823 2275 995 2360 epithetis3
1018 2289 1132 2340 contra
1154 2277 1187 2339 in
1209 2284 1337 2360 quaest.

192 2389 244 2452 44.
272 2385 316 2450 ad
338 2385 415 2451 Ant
444 2395 610 2451 oratorum
638 2386 739 2451 modo
769 2406 877 2450 sermo
908 2393 1042 2452 ornatus
1068 2390 1250 2469 invenitur,
1280 2372 1338 2451 ad·

188 2497 287 2584 jectis
308 2497 359 2562 his
382 2496 509 2563 verbis:
544 2490 685 2580 „tacut
708 2491 854 2581 Χριστος
876 2494 909 2561 ἐν
932 2491 1007 2584 ἡμῖν
1029 2491 1337 2584 ἕσκῆνωσεν,’ἓ1’θα

192 2601 278 2677 κατὰ
299 2599 407 2695 σάρκα
429 2605 571 2695 ἕτέχθη“
593 2611 671 2692 duc„
694 2629 780 2694 quae
807 2631 829 2672 a
857 2613 1043 2694 posteriore
1073 2609 1183 2693 aliquo
1212 2611 1253 2675 de
1285 2613 1337 2674 in·'·

192 2719 318 2786 dustria
336 2722 502 2804 exquisita
522 2729 556 2785 et
571 2719 684 2784 addita
702 2720 865 2785 videntur.
895 2721 1048 2805 Denique
1066 2725 1099 2786 in
1115 2731 1241 2806 quaest.
1263 2703 1335 2786 117.

190 2833 295 2899 solum
318 2817 454 2897 dicitur:
489 2826 592 2911 „r'dod
618 2822 798 2919 βαρβάρων
830 2827 1032 2922 κρατούντων
1061 2826 1117 2920 τὴν
1138 2823 1248 2922 χώραν
1269 2827 1335 2899 τών

190 2935 293 3027 ἁγίων
321 2912 471 3026 atnam}
502 2950 617 3008 contra
645 2947 678 3007 in
708 2950 835 3027 quaest.
859 2945 911 3008 44.
939 2944 982 3008 ud
1001 2944 1096 3008 Ant:
1130 2991 1149 3026 ‚,
1157 2938 1335 3035 βαρβάρων

189 3043 401 3130 πολλάκις
418 3045 472 3142 τὴν
492 3053 714 3140 numentana
740 3051 1045 3144 napelcfldrnnfl,
1071 3079 1156 3142 quae
1177 3059 1335 3125 ulteriora

189 3167 292 3232 verba
313 3153 446 3232 indubie
469 3166 512 3230 ad
533 3169 752 3232 recentiorem
774 3177 942 3234 auctorem
965 3163 1125 3254 spectant.
1266 3171 1268 3178 ’

275 3277 399 3344 Verum
429 3280 522 3364 cujus
551 3282 695 3344 auctoris
730 3280 895 3346 censenda
932 3290 983 3347 est
1017 3281 1149 3346 tandem
1184 3263 1334 3364 quaestio

188 3401 302 3457 nostra
323 3390 420 3455 1171
453 3389 499 3454 Et
521 3384 654 3474 quide'rn
679 3391 768 3476 quod
791 3392 971 3478 disputatio
994 3413 1067 3458 cum
1089 3392 1278 3476 Severiauis
1301 3401 1335 3458 et

189 3502 353 3590 Gajanitis
375 3511 410 3568 et
431 3503 709 3588 Barsanuphianis
724 3502 949 3570 Alexandriae
971 3489 1062 3570 facta
1085 3525 1159 3570 esse
1182 3505 1333 3586 traditur,

189 3599 402 3679 Anastasinm
417 3621 564 3679 nostrum
583 3613 681 3678 valde
693 3612 837 3697 redolet,
861 3619 985 3702 quippe
997 3636 1094 3699 quem
1107 3615 1333 3681 Alexandriae

188 3725 362 3811 plurimum
391 3734 557 3790 versatum
586 3709 676 3791 esse
691 3748 735 3791 ex
764 3725 908 3813 Hodego
936 3730 1196 3814 cognoverimus.
1245 3727 1333 3807 Quid

188 3857 269 3902 vero
306 3836 396 3921 quod
430 3835 642 3902 Anastasiun'r
674 3859 783 3902 meum
820 3837 978 3904 Sinaitam
1011 3841 1162 3923 suspicor
1200 3861 1244 3905 ex
1281 3861 1333 3920 eo,

189 3967 256 4032 quo
277 3949 364 4012 inter
384 3947 458 4012 loca
480 3955 595 4013 sancta
616 3949 720 4014 refert
750 3951 849 4014 etiam
879 3941 938 4034 τὴν
959 3939 1177 4028 Ἀνᾶσταοιν,
1209 3949 1263 4014 καὶ
1296 3945 1334 4017 οὐ

175 4047 305 4141 μόνον,
340 4050 427 4125 cille}
461 4057 518 4123 καὶ
554 4053 592 4125 τὸ
622 4060 718 4139 End,
753 4081 838 4143 quae
871 4060 946 4125 loca
983 4063 1017 4124 in
1052 4071 1178 4145 quaest
1209 4064 1261 4126 44.
1290 4062 1333 4129 ad

187 4169 386 4235 Antiochum
424 4169 611 4254 desideras,
645 4170 857 4236 Anastasium
891 4193 971 4237 vero
1015 4175 1167 4258 posuisse
1207 4183 1332 4260 putem,

189 4284 313 4370 quippe
334 4282 392 4366 qui
412 4283 454 4348 ab
473 4282 673 4372 ‚Anastaei“
690 4292 866 4349 vocaretur
884 4291 917 4348 et
936 4282 1059 4366 ,‚Sina“
1074 4293 1218 4350 montem
1237 4289 1333 4370 quasi
1371 4329 1373 4333 .

187 4397 328 4479 patriam
356 4394 515 4459 haberet?
560 4394 629 4460 Sua
657 4398 742 4460 euim
764 4397 906 4480 quisque
927 4398 1030 4480 magis
1054 4395 1169 4482 diligit
1213 4395 1331 4482 ltaque

189 4505 399 4570 Anastasium
436 4528 543 4572 meum
579 4507 675 4592 hujus
711 4509 913 4591 quaestionis
942 4516 1108 4574 auctorem
1144 4529 1219 4573 esse
1253 4509 1332 4575 mihi
