3225 5217
314 534 353 599 12

398 706 537 792 Scripsit
567 695 687 772 autem*
705 705 902 772 Anastasius
934 708 988 772 bic
1016 709 1240 780 Antiocheam
1273 712 1449 796 episcopus

311 828 445 903 praeter
464 818 530 883 alia
553 822 649 885 ettam
674 822 861 899 „orationes
878 821 1025 901 quinque
1038 820 1081 883 ds
1103 823 1203 885 rectis
1225 824 1450 887 nostrisveri-

312 932 389 993 tatis
412 928 656 1013 dogmatibm“,
680 950 764 1011 quae
787 939 922 994 exstant
944 931 1005 994 ool.
1029 932 1114 995 1309
1136 932 1404 1015 st‘sequentibus
1418 933 1450 1015 ¹).

398 1042 427 1103 2.
471 1040 639 1107 Successit
669 1043 698 1103 ei
720 1039 916 1104 Anastasius
943 1041 1028 1106 alter
1057 1064 1086 1105 a.
1109 1042 1189 1123 599,
1217 1045 1274 1125 qui
1295 1044 1450 1108 demere

311 1158 388 1236 post
410 1152 646 1217 ordinationem
674 1172 767 1215 suam
797 1152 973 1215 confestim
1002 1153 1242 1235 professionem
1270 1154 1348 1217 fidei
1370 1170 1450 1219 suae

313 1262 564 1349 adGregurium
586 1256 768 1327 Romanum
788 1263 982 1326 Pontificem
1003 1265 1102 1342 misit,
1123 1272 1160 1327 ut
1174 1262 1357 1349 Gregorius
1378 1268 1450 1349 ipse

311 1382 453 1439 testatur
473 1396 524 1460 ep.
536 1377 578 1439 49
593 1375 647 1438 lib.
659 1374 722 1437 IX.
735 1372 778 1455 ²)r
805 1373 1056 1447 ,Fraternitatis
1070 1382 1157 1455 tuae,
1184 1377 1299 1458 inquit,
1328 1380 1452 1461 scripta

312 1488 454 1571 suscepi,
476 1486 713 1571 professionem
732 1484 811 1548 fidei
827 1492 917 1548 recte
934 1487 1109 1565 servantia,
1132 1506 1333 1569 magnasque
1345 1490 1451 1551 omni·

311 1602 439 1682 potenti
460 1598 534 1662 Deo
557 1596 671 1661 laudes
693 1594 806 1675 retuli,
830 1597 887 1677 qui
910 1603 944 1659 et
965 1597 1141 1659 immutatis
1164 1598 1275 1682 gregis
1297 1601 1349 1662 sui
1370 1618 1451 1683 pas·

311 1709 453 1789 toribus,
484 1708 582 1772 fidem
605 1728 702 1791 quam
725 1706 829 1769 semel
849 1709 974 1769 sanctis
996 1707 1152 1771 Patribus
1173 1708 1329 1789 tradidit,
1352 1711 1451 1772 etiam

312 1828 389 1905 post
411 1841 469 1884 eos
491 1820 722 1884 immutabilem
748 1819 923 1883 custodit‘t
967 1820 1073 1882 Porro
1090 1819 1299 1901 Anastasius,
1321 1840 1393 1883 cum
1414 1822 1450 1882 iu

312 1930 519 2015 professione
542 1952 602 1994 sua
623 1930 701 1994 fidei
724 1939 871 1995 sanctam
892 1928 1094 2014 Ephesinam
1124 1929 1286 2013 synodum
1315 1934 1452 2015 primam

312 2062 349 2105 se
381 2041 547 2105 custodire
582 2041 740 2121 dixisset,
769 2062 790 2103 a
813 2025 974 2123 Gregorio
1007 2049 1173 2121 monetur,
1213 2048 1249 2103 ut
1279 2044 1453 2125 genuinum

311 2152 407 2237 hujus
430 2152 548 2236 synodi
579 2152 750 2237 exemplar
772 2151 827 2216 vel
856 2152 946 2235 apud
966 2149 1228 2215 Alexandrinam
1257 2160 1358 2233 atque
1379 2150 1453 2213 An-

311 2263 494 2329 tiochenam
508 2262 693 2327 Ecclesiam
705 2265 861 2346 requirat,
883 2263 939 2327 vel
949 2263 992 2326 ab
1009 2264 1083 2347 ipso
1095 2264 1245 2345 accipiat,
1267 2282 1333 2325 nou
1354 2260 1452 2341 illius,

313 2394 398 2456 quae
421 2374 483 2438 sub
504 2375 648 2458 imagine
669 2376 793 2457 primae
815 2372 1004 2458 Ephesinae
1026 2371 1192 2454 quondam
1213 2371 1256 2435 ab
1278 2372 1452 2437 haereticis

313 2488 495 2568 composita
525 2484 721 2548 traderetur.
775 2484 871 2547 Alter
912 2484 964 2547 hic
995 2482 1193 2546 Anastasius
1225 2481 1451 2546 Antiochense

312 2598 487 2681 episcopus
520 2598 668 2679 martyrii
701 2595 844 2680 palmam
872 2594 1013 2678 adeptus
1043 2601 1094 2657 est
1124 2614 1154 2656 a
1176 2590 1287 2675 tusi)
1317 2590 1372 2655 die
1400 2592 1450 2657 21.

312 2707 523 2789 Decembris,
546 2716 582 2771 ut
604 2706 705 2771 habet
727 2706 900 2789 Martyrol.
920 2705 1014 2769 Rom.
1024 2704 1061 2785 ⁴).

399 2816 501 2902 Cujus
542 2826 680 2881 mortem
713 2817 920 2901 Nicephorua
953 2814 1083 2881 Callisti
1114 2814 1293 2879 Anastasio
1333 2815 1453 2877 seniori

312 2926 493 2992 attribuens
513 2931 560 2992 sic
572 2930 675 2992 refert
688 2928 727 3011 i):
753 2927 968 3011 ,Antiochiae
978 2925 1340 3011 gravistumultusfuit,
1363 2923 1454 3007 quod

311 3038 458 3103 Hebraei
487 3060 615 3103 rursum
646 3038 806 3103 aduersus
830 3037 1034 3102 Christianos
1062 3038 1309 3100 insurrexerint
1352 3034 1390 3097 In
1413 3053 1453 3096 ea

312 3197 591 3205 -w---uq--w-..an
610 3198 631 3203 -.
648 3197 786 3206 ,μμ-...υμ-
807 3197 881 3203 *num
891 3198 903 3202 --
919 3196 1141 3203 -.-κω-φη...
1158 3194 1452 3202 -..,..‚.·...-.-.-0-00-.-..

312 3276 393 3327 iidem
411 3282 616 3343 corrumpimus.
653 3278 735 3329 Scitis
754 3282 825 3329 enim
844 3282 938 3342 quanti
956 3292 1010 3327 non
1028 3278 1116 3327 solum
1133 3276 1278 3340 baeretici,
1303 3276 1353 3325 scd
1370 3277 1452 3326 etiam

312 3371 519 3423 haeresiarchas
538 3372 572 3423 de
584 3371 638 3423 GP.
647 3373 771 3423 Ecclceio
789 3378 854 3423 suat
865 3373 1002 3438 Eggressi.
1030 3372 1066 3421 Et
1083 3375 1115 3421 at
1132 3371 1337 3422 honorisvestri
1353 3370 1453 3433 injuria

312 3468 428 3531 taceam,
446 3468 470 3515 si
487 3482 557 3517 unus
577 3469 721 3533 episcopus
739 3471 854 3519 vocatur
871 3466 1042 3532 universalis,
1060 3468 1188 3517 universa
1201 3463 1326 3516 Ecclesia
1344 3465 1459 3534 canuit,

316 3562 340 3610 si
358 3575 428 3609 unus
447 3564 592 3611 universus
611 3560 708 3613 eadit‘t

382 3654 406 3721 ¹)
425 3655 495 3705 Vide
514 3657 585 3705 iufra
603 3671 662 3721 cap.
681 3656 728 3705 VI.
748 3656 772 3704 4.

378 3734 403 3815 3)
421 3748 493 3801 Data
516 3749 607 3800 indict.
625 3750 675 3815 IL,
701 3764 770 3813 quac
790 3748 917 3798 currebat
935 3762 951 3796 a
969 3761 1061 3798 menae
1082 3744 1235 3811 Septembri
1253 3764 1277 3798 a.
1297 3749 1348 3799 1198
1366 3763 1452 3811 usque

313 3844 348 3895 ad
367 3844 482 3895 eundem
501 3859 621 3894 mensem
639 3860 662 3893 u.
682 3844 740 3894 599.

382 3938 404 4003 ³)
423 3938 444 3988 Ι.
464 3952 487 3987 e.
506 3940 621 4003 septimo
646 3954 716 3989 anno
735 3938 845 3987 Phocae
865 3938 956 4003 (regn.
975 3938 1009 3987 ab
1028 3952 1052 3987 a.
1072 3938 1122 3989 602
1136 3936 1243 4002 -610)
1263 3936 1314 3986 col.
1334 3939 1401 3988 1303
1418 3936 1450 3985 B.

314 4048 350 4083 cx
367 4032 428 4082 Act.
448 4031 495 4083 SS.
516 4036 578 4083 tom.
598 4033 632 4082 Il.
651 4032 742 4097 April;
768 4031 936 4095 Damberger
960 4031 1026 4083 dicit
1049 4046 1110 4082 aun.
1129 4033 1181 4081 610
1198 4046 1261 4096 pag.
1280 4032 1346 4094 321,
1372 4036 1401 4081 et
1424 4034 1452 4081 in

314 4132 404 4177 annot.
425 4130 483 4177 crlt.
502 4127 538 4176 ad
555 4127 626 4177 hauc
643 4130 731 4189 ipsam
748 4126 884 4189 paginam.

383 4220 406 4286 ι)
424 4220 591 4271 Graecorum
628 4225 718 4270 autem
748 4220 935 4284 Meuologium
964 4218 1059 4270 eodem
1090 4218 1133 4271 die
1161 4221 1284 4269 meminit
1312 4218 1453 4269 Anastasii
1491 4216 1498 4229 “

315 4315 448 4380 sinaitae,
476 4314 526 4365 sed
547 4315 623 4365 nulla
646 4316 721 4365 iacta
742 4317 880 4365 mentione
898 4314 1060 4365 Antiochiae
1084 4318 1133 4364 aut
1149 4313 1341 4378 Episcopatus.
1376 4312 1451 4379 (Gal.

316 4412 383 4463 rme
400 4410 431 4461 Β.
450 4426 486 4461 ex
503 4409 565 4460 Act.
585 4408 633 4461 SS.
651 4414 716 4459 tom.
735 4409 770 4459 Π.
788 4408 869 4474 Apa)
1021 4395 1025 4405 ⁴

383 4504 405 4570 ⁸)
423 4503 609 4569 Nicephorus,
628 4504 698 4554 Hist.
716 4504 790 4555 Eccl.
810 4504 856 4554 lib.
874 4501 979 4553 XVIII.
996 4516 1057 4566 cap.
1076 4502 1117 4551 44.
