3225 5217
296 491 340 556 tt

295 663 448 728 rationali
468 663 627 730 facultate
639 666 839 751 volendiqne
861 674 1028 752 potestate
1050 670 1180 754 privata
1200 675 1264 748 est„
1287 669 1436 750 seqnitur

297 796 370 839 eam
391 796 500 859 neque
528 777 573 843 ad
602 778 845 843 similitudinem
867 780 932 844 Dei
961 777 1124 855 conditam
1153 800 1261 862 neque
1289 779 1436 864 ejusdem

296 906 370 951 cum
403 889 572 954 animabus
605 893 726 954 nostris
758 891 962 956 substantiae
996 909 1089 970 esse;
1128 890 1188 956 sed
1223 911 1267 956 ex
1300 911 1435 955 numero

295 998 425 1072 illarum
447 1003 526 1080 erit,
559 1022 646 1090 quae
668 1001 803 1066 volendi
824 1005 992 1086 potentiae
1013 1024 1150 1087 prorsus
1170 1010 1247 1068 suut
1270 1011 1436 1086 expertes,

297 1113 451 1194 omnique
478 1115 643 1198 sapientia
676 1122 710 1178 et
741 1113 957 1180 ratiocinandi
988 1117 1101 1178 virtuti
1129 1121 1250 1180 carent.
1293 1113 1366 1179 Nec
1395 1111 1437 1176 de

296 1230 429 1287 caetero
446 1226 569 1307 poterit
580 1222 732 1290 Christus
751 1226 927 1310 perfectus
938 1227 971 1288 in
987 1225 1187 1290 humanitate
1201 1225 1335 1289 vocari‘
1356 1223 1436 1306 ¹)...

297 1334 398 1414 „Pari
418 1334 517 1399 mmo
538 1335 583 1400 de
603 1335 731 1402 duabus
752 1339 786 1401 in
802 1335 937 1402 Christe
959 1337 1204 1422 operationibus
1226 1334 1437 1420 cogitandum

297 1451 333 1510 et
350 1445 611 1513 ratiocinandum
622 1457 682 1513 est.
703 1447 790 1513 Nam
804 1467 913 1514 rerum
925 1447 1120 1512 mirabilium
1131 1457 1167 1512 et
1176 1445 1436 1532 prodigiosarum

217 1638 220 1655 1
296 1555 505 1638 affectiones,
526 1560 670 1623 maxime
692 1559 782 1639 illas,
805 1580 891 1643 quae
914 1559 1041 1642 absque
1062 1568 1188 1625 attactu
1210 1560 1435 1624 samtissimae

298 1670 405 1732 carnis
427 1667 551 1732 Christi
577 1670 686 1736 factae
707 1680 856 1751 suna...
885 1671 1050 1736 ascribere
1079 1677 1211 1755 opertet
1239 1671 1303 1754 ipsi
1336 1668 1436 1733 divini
1488 1657 1493 1670 '

296 1770 401 1844 Verbi
430 1779 560 1845 divinas
592 1784 793 1865 operationi,
829 1803 913 1864 quac
943 1768 1128 1846 solaffhaee
1154 1801 1257 1866 opera
1283 1783 1436 1865 patravit

296 1889 426 1957 Rursus
448 1893 623 1958 humanm
643 1895 678 1956 in
696 1891 831 1959 Christo
851 1897 1076 1977 operationem
1098 1893 1300 1978 appellantes
1322 1913 1436 1977 puram

297 2002 403 2085 illam,
425 2011 592 2084 sanctam,
622 2004 836 2088 inculpatam,
866 2005 982 2070 aDeo
1004 2004 1113 2070 &tam
1137 2014 1171 2070 et
1193 2013 1354 2085 creatam,
1384 2007 1437 2070 vi-

296 2113 398 2180 talem
426 2123 461 2180 et
481 2117 647 2180 vivificam
676 2119 854 2198 actionem,
888 2138 909 2182 a
942 2125 1154 2182 sacrosancta
1172 2115 1297 2212 Christi
1330 2118 1437 2180 anima

294 2233 498 2308 manantem,
527 2247 594 2310 qna
618 2235 769 2312 tempore
796 2229 963 2311 passionis
992 2235 1147 2312 separata
1175 2238 1275 2294 etex
1298 2247 1436 2313 corpere

297 2335 419 2402 educta
439 2338 560 2422 corpus
582 2338 763 2423 derepente
784 2341 1093 2421 exanimemansit,
1115 2338 1225 2405 divina
1248 2341 1438 2424 operatione

296 2450 429 2514 minime
450 2449 493 2514 ab
515 2449 573 2515 illo
594 2452 763 2535 sejuncta“
779 2447 875 2534 ²)....
899 2450 1061 2532 „Quidam
1076 2449 1189 2517 dieunt
1199 2471 1327 2522 omnem
1340 2451 1437 2517 etiam

296 2562 519 2626 secretionem
540 2570 598 2626 aut
619 2563 835 2626 secretionem
856 2571 914 2626 aut
928 2561 1125 2628 ablationem
1145 2570 1203 2628 aut
1225 2562 1438 2648 indigent-iam

297 2673 522 2738 amarissimae
534 2674 641 2737 carnis
653 2671 778 2738 Christi
796 2693 883 2755 quae
905 2672 1097 2741 naturaliter
1118 2675 1152 2736 in
1172 2675 1245 2758 ipsa
1263 2673 1436 2738 divinitate

295 2803 357 2848 nec
368 2803 405 2848 re
421 2803 485 2848 nec
499 2782 761 2859 consideratione
779 2784 867 2863 insit,
891 2785 1115 2870 operationem
1131 2784 1304 2850 humanam
1315 2763 1437 2850 Christi

295 2893 457 2977 appellari
478 2914 596 2978 posse3
618 2893 841 2959 theandricam
865 2915 961 2975 vero,
983 2895 1047 2960 hoc
1069 2903 1130 2978 est,
1153 2896 1227 2963 Deo
1250 2897 1437 2980 hominique

200 3028 204 3040 ¹
297 3023 491 3086 consonam,
515 3007 739 3090 operationem
760 3003 851 3070 illam
873 3009 1089 3088 nominamus,
1112 3027 1197 3091 quae
1220 3009 1436 3075 communioni

296 3123 434 3180 naturae
456 3115 587 3182 divinae
609 3125 644 3180 et
665 3116 826 3184 humanae
850 3121 1082 3184 convenienter
1102 3141 1124 3184 a
1147 3117 1279 3186 Christo
1301 3129 1437 3202 peraeta

297 3234 365 3306 cst3
394 3225 500 3310 qualis
523 3235 597 3290 crat
617 3231 710 3296 cocci
730 3249 791 3313 per
813 3229 916 3294 lutum
939 3231 1082 3311 curatio,
1113 3237 1147 3294 et
1169 3231 1327 3297 excitatio
1350 3229 1436 3294 filiae

296 3336 550 3423 archisynagogi
581 3328 712 3404 attactu
746 3347 975 3404 sacrosanctae
1006 3338 1129 3406 Christi
1166 3362 1264 3409 mauu
1305 3341 1435 3422 effecta,

225 3485 228 3490 ·
296 3449 504 3517 resuscitatio
525 3448 645 3512 Lazari
666 3431 845 3516 ministerio
869 3453 960 3516 vocis
983 3450 1111 3536 deest).
1156 3448 1351 3540 „Caeterum
1374 3454 1437 3518 hoc

296 3578 359 3642 pro
382 3566 475 3624 certo
497 3558 738 3646 exploratoque
759 3563 978 3646 reputandum
1002 3572 1070 3647 est,
1100 3564 1284 3632 haereticos
1306 3564 1382 3630 ideo
1404 3566 1437 3630 in

298 3668 432 3736 Christo
449 3668 622 3736 humanam
633 3673 834 3738 voluntatem
855 3682 888 3739 et
900 3676 1124 3760 operationem
1144 3678 1435 3759 noneonstituere3

297 3781 387 3866 quod
420 3781 534 3847 vident
577 3785 778 3850 voluntatem
826 3794 860 3850 et
899 3789 1121 3872 operationem
1163 3807 1243 3852 suae
1282 3790 1436 3872 propriae

297 3894 424 3994 animap
458 3903 491 3960 et
521 3897 668 3980 corporis
696 3895 919 3962 indesinenter
951 3907 986 3964 et
1011 3897 1136 3980 absque
1164 3898 1231 3964 ullu
1253 3900 1436 3967 cessatione

296 4005 482 4090 impugnari
502 4014 537 4072 et
558 4008 720 4090 inquinari
742 4007 784 4070 ah
806 4009 1061 4074 inflammatione
1090 4018 1124 4074 et
1147 4012 1278 4076 achone
1304 4009 1436 4076 diaboli.

296 4114 611 4202 AtMonophysitae
628 4116 863 4199 aomossouliuv
886 4117 941 4185 acl
963 4118 1209 4208 ταυτοπραξέαν
1231 4141 1275 4186 ex
1300 4122 1436 4188 cerebro

366 4477 389 4544 ¹)
407 4479 460 4531 eol.
477 4479 513 4532 id
530 4483 560 4531 et
576 4481 619 4530 aa.
776 4476 799 4545 ²)
818 4480 870 4532 col.
888 4481 930 4531 46.
1086 4479 1110 4547 ⁸)
1128 4481 1180 4532 col.
1198 4483 1240 4532 ta.
