3225 5217
1259 505 1321 568 141

267 647 305 742 3]
326 642 579 761 „Disputationes
598 683 658 742 tres
674 677 821 744 adversas
831 677 990 743 «ἶιιόιιιιοείί
1013 677 1089 759 (eol.
1113 679 1197 744 1203
1217 677 1347 776 seqq.)⁴
1397 684 1402 688 ’

181 797 295 874 aperte
317 788 360 853 ad
382 797 550 856 auctorem
572 789 751 856 Anastasio
779 798 892 854 nostro
919 793 1134 855 recentiorem
1163 795 1323 875 spectant.
1437 777 1458 807 '

181 900 311 964 Dicitur
338 901 431 966 ‘enim
467 904 500 964 in
530 901 595 968 fine
629 904 754 987 primae
791 900 1021 986 disputationis
1051 900 1127 984 (ccl
1157 901 1241 965 1225
1267 901 1322 983 1).)

184 1009 349 1078 Christum
383 1033 463 1098 ,pro
496 1013 637 1098 amplius
673 1016 869 1098 octingentis
902 1017 1032 1095 annis“,
1067 1033 1153 1097 quae
1185 1019 1324 1078 ventura

183 1127 305 1206 essent,
327 1123 544 1208 praedixisse.
577 1123 623 1188 Et
640 1127 672 1188 in
688 1123 832 1190 secunda
844 1124 1064 1209 disputatione
1077 1124 1152 1208 (col.
1165 1122 1323 1204 123731.)

183 1242 298 1298 auctor
326 1233 473 1302 Judaeos
503 1235 554 1300 his
588 1238 785 1321 interrogat:
827 1236 954 1318 „Quale
982 1244 1171 1320 peccatum,
1208 1236 1324 1316 inquit,
1363 1242 1366 1248 ⁴

185 1367 294 1432 coram
315 1346 389 1412 Deo
421 1345 560 1432 egistis?
603 1345 693 1412 Ecce
722 1349 808 1412 enim
837 1347 976 1431 amplius
1006 1348 1204 1432 octingentis
1231 1347 1324 1409 annis

183 1459 217 1520 in
247 1477 374 1522 omnem
404 1467 525 1522 terram
554 1456 708 1543 dispersit
736 1479 797 1522 vos
821 1458 932 1540 Deus,
963 1466 998 1522 et
1025 1457 1121 1522 duxit
1151 1456 1262 1520 Titum
1291 1463 1325 1520 et

142 1623 149 1630 .
184 1566 424 1653 Vespasianum
446 1569 568 1651 Roma,
594 1578 627 1634 et
647 1569 897 1634 trucidaverunt
918 1591 962 1634 ex
988 1570 1084 1634 vobis
1108 1567 1220 1633 decies
1245 1589 1326 1632 cen-

184 1685 261 1742 tena
282 1679 383 1744 millia
404 1679 662 1764 Hierosolymis,
692 1688 729 1745 ut
755 1679 836 1744 dicit
862 1679 1031 1766 Josephus
1059 1687 1194 1744 vestrae
1216 1681 1325 1764 gentis

185 1793 324 1874 scriptor
460 1789 505 1854 Et
535 1812 612 1856 ecee
643 1793 839 1877 octingentis
868 1800 902 1857 et
929 1791 1068 1876 amphus
1097 1794 1190 1856 annis
1216 1810 1325 1873 neque

185 1901 308 1984 altare,
338 1923 447 1986 neque
476 1923 746 1986 aream,1neque
779 1901 887 1968 locum
909 1903 1060 1968 Paschae
1087 1901 1323 1968 conservatis.“

185 2011 223 2076 In
246 2011 360 2078 eadem
384 2012 606 2098 disputatione
635 2013 711 2097 (eol.
745 2015 830 2080 1234
853 2021 887 2080 et
910 2014 1007 2093 1235)
1031 2013 1180 2080 defendit
1202 2021 1237 2078 et
1259 2033 1323 2076 ex-

185 2121 278 2208 ponit
299 2145 412 2190 verum
435 2134 468 2190 et
489 2125 669 2210 legitimum
700 2128 874 2210 imaginum
897 2133 941 2219 'et
967 2128 1167 2210 picturarum
1193 2123 1324 2190 cultum.

185 2232 241 2298 Ex
264 2236 383 2318 quibus
407 2237 523 2321 conjici
534 2237 626 2317 licet,
649 2246 817 2302 auctorem
829 2239 916 2302 eirca
931 2257 961 2304 a.
976 2237 1039 2301 900
1054 2258 1086 2320 p.
1099 2235 1176 2301 Chr.
1187 2238 1326 2300 vixisse?

185 2345 276 2410 Dicit
299 2346 540 2429 ,Romanorum
563 2351 633 2413 sive
657 2345 916 2414 Christianorum
937 2349 1125 2436 imperium“
1152 2345 1323 2429 usquead

185 2457 283 2522 finem
309 2457 421 2522 mundi
450 2461 659 2523 transiturum
687 2480 752 2523 non
785 2481 874 2540 esse,
907 2462 1030 2544 quippe
1060 2458 1149 2542 quod
1179 2456 1275 2522 simul
1305 2477 1326 2518 a

74 2624 78 2636 .
186 2568 327 2658 Domino
357 2568 439 2634 Jesu
469 2567 600 2634 Christo
637 2571 881 2636 administretur
903 2570 936 2653 ¹).
998 2571 1208 2655 Quapropter
1247 2569 1325 2634 licet
1368 2649 1375 2662 .

188 2701 300 2745 ornnes
312 2689 428 2765 gentes
441 2679 700 2746 Christianorum
722 2703 859 2768 regnum
882 2684 1147 2766 impugnaverint
1170 2689 1203 2745 et
1226 2682 1324 2746 etiam

186 2794 356 2856 victoriam
379 2795 638 2877 reportaverint,
660 2801 770 2858 tamen
791 2793 872 2879 illud
896 2795 1001 2857 everti
1011 2795 1200 2874 nequivisse
1217 2813 1325 2875 neque

187 2923 503 2987 unquameversum
526 2907 566 2968 iri
576 2903 613 2987 ²).
657 2905 821 2968 Memorat
842 2904 1001 2968 barbaros
1024 2903 1150 2967 Turcas
1172 2903 1223 2968 his
1245 2923 1325 2966 ver-

186 3015 252 3078 bis:
278 3009 378 3097 ᾖΟὐχὶ
400 3017 465 3079 τῶν
489 3017 626 3102 Περσῶν
648 3013 804 3096 βασιλεία
827 3002 1000 3099 κατεπόθη
1017 3003 1084 3077 inci
1104 3002 1325 3097 τῶνΒαρβᾶ-

186 3136 252 3214 ρων
264 3114 383 3192 τούτων
396 3126 460 3190 τῶν
479 3125 707 3212 Torpentem)
730 3126 820 3191 Inter
831 3127 912 3190 alias
924 3133 1032 3190 sectas
1051 3126 1086 3186 in
1101 3123 1324 3208 disputatione

186 3235 229 3300 Il.
252 3241 350 3302 etiarn
372 3239 432 3302 has
452 3237 533 3302 duas
556 3237 675 3302 refert:
700 3224 924 3323 ᾖΣεβήνυτον,
947 3230 1006 3322 τὴν
1027 3229 1082 3301 cdv
1103 3234 1239 3316 Σίμωνα
1260 3257 1323 3299 σε-

175 3339 337 3437 βομένην,
361 3357 396 3414 et
417 3349 563 3436 Νοῦφιν,
584 3342 642 3432 τήν
663 3341 719 3414 τὸν
742 3341 830 3414 οἶνον
852 3347 1114 3436 προσκυνοῦσαν“
1125 3344 1161 3428 ⁴).
1205 3346 1326 3411 Testa-

186 3442 427 3524 tur'Christum
450 3460 513 3524 coli
539 3459 695 3542 inSina,
724 3462 757 3522 in
780 3459 942 3542 derdere,
971 3462 1005 3523 in
1021 3458 1115 3548 prbe
1138 3456 1325 3522 Jerusalem

188 3579 221 3636 et
242 3569 322 3636 Sion
353 3581 386 3637 et
414 3581 523 3637 monte
547 3571 669 3638 Oliveti
698 3579 731 3636 et
753 3571 924 3635 Bethleem
953 3571 1091 3654 aliisque
1119 3570 1209 3634 loeis.
1252 3551 1326 3634 No-

185 3683 319 3746 tandum
331 3693 451 3766 autem,
467 3682 556 3768 quod
572 3683 613 3748 de
626 3682 649 3747 J
651 3683 772 3747 ordene
784 3683 922 3766 loquens
934 3681 1039 3746 addit:
1065 3673 1161 3770 ,ucp'
1174 3672 1326 3768 vitream).

186 3794 306 3858 Refert
321 3817 379 3860 suo
392 3803 539 3880 tempore
557 3794 769 3870 Christianos,
792 3797 826 3856 in
845 3794 963 3876 quibus
984 3814 1020 3856 se
1038 3795 1144 3877 ipsum
1161 3801 1322 3874 numerat,

186 3905 290 3990 affligi
312 3909 526 3992 captivosque
548 3908 653 3970 teneri
682 3907 715 3968 in
745 3905 855 3969 medio
877 3907 1039 3989 gentium,
1071 3924 1156 3986 quae
1178 3903 1241 3967 sibi
1262 3901 1326 3966 do-

186 4185 1325 4204 Qfflwwwfflm-w

256 4404 279 4472 ¹)
298 4405 350 4456 001.
369 4407 436 4457 1012
455 4404 484 4458 c.
541 4385 542 4390 ’
640 4403 663 4470 ²)
682 4405 733 4456 001.
753 4405 821 4456 mco
837 4404 869 4455 Β.
1025 4402 1047 4468 ·)
1067 4402 1118 4453 001.
1140 4403 1207 4452 1212
1225 4399 1256 4451 c.

256 4501 278 4568 ⁴)
298 4501 349 4552 ccl.
371 4503 437 4553 1233
455 4501 488 4553 A.
643 4498 665 4566 ⁵)
685 4501 735 4550 col.
757 4501 823 4550 1221
842 4497 896 4550 BC.

1116 4591 1168 4644 10a
