3225 5217
201 473 404 568 o·

267 648 487 726 Quaestioues
515 646 560 712 ad
579 648 796 729 Antiochum
826 657 926 734 prout
948 657 1113 730 exstem,-
1128 668 1211 733 0pus
1234 651 1418 735 genuinum¹

266 757 300 824 S.
320 758 495 824 Athanasii
517 762 730 832 communiter
750 762 882 824 minime
903 769 1096 842 censentur,
1120 763 1211 844 ‘quin
1225 737 1416 832 tamenin-2

264 870 352 935 fitius
383 870 527 936 eundum
553 879 688 962 putem,
712 869 748 938 S.
769 870 989 938 Athanasium
1018 893 1055 936 re
1084 893 1165 938 vera
1187 872 1414 952 Quaestieues·

265 989 299 1046 et
326 981 577 1066 Responsionee
603 981 765 1066 quasdam·
793 985 979 1068 scripsisse„¹
1020 982 1120 1051 Certe
1142 1001 1285 1077 earum,
1322 1004 1407 1068 quae

265 1093 485 1174 exhibentur‚·
508 1097 660 1177 quaestio
684 1095 756 1158 137.
786 1102 821 1158 et
835 1116 891 1165 ea
918 1095 1050 1177 quidem
1079 1079 1210 1174 ultime,
1240 1115 1328 1178 quae
1356 1102 1415 1170 eet¹

263 1204 361 1290 longe
382 1205 488 1270 fusior
507 1208 665 1286 coeteris,
688 1203 723 1270 S.
746 1204 929 1272 Athmasio
952 1227 1018 1278 non
1039 1205 1173 1280 videtur
1193 1205 1343 1290 indigna,
1357 1245 1361 1250 -
1374 1213 1417 1270 et·

263 1315 304 1382 S..
328 1317 502 1384 Athanasii
531 1338 607 1382 esse
634 1318 806 1402 conjicitur
836 1339 879 1383 ex
912 1335 969 1399 eo,
999 1317 1089 1400 quod
1117 1326 1231 1382 contra
1248 1316 1410 1390 iudaeos

262 1428 454 1509 adstruens,
486 1427 652 1494 Christum
678 1430 749 1514 jam
777 1431 941 1510 venisse‚'
957 1437 991 1498 et
1013 1431 1200 1495 vaticinium
1222 1429 1371 1504 Danielis
1385 1428 1417 1514 ¹).

261 1539 429 1625 allegans3·
463 1539 562 1621 dicit,
595 1563 644 1621 „a
665 1540 806 1625 Daniele
844 1561 950 1622 usque
976 1539 1031 1606 ad.
1050 1562 1144 1606 suum
1174 1550 1304 1626 tempus
1332 1561 1406 1614 esse

262 1671 361 1715 anuos
380 1652 456 1734 'plue
486 1671 579 1734 quum
606 1651 874 1733 octiopeoroow‘),
911 1652 945 1716 id
974 1651 1064 1735 quod
1092 1652 1178 1720 bene
1205 1651 1346 1736 quadrat
1373 1655 1407 1718 iu

262 1761 296 1828 S.
318 1762 550 1844 Athanasium,
572 1765 842 1832 innocentiorem
865 1785 931 1828 nou
952 1766 1041 1829 item.
1068 1763 1268 1848 Arguendus
1291 1767 1414 1850 itaque:
1515 1757 1519 1766 ’

261 1873 413 1942 Oudinus
440 1877 539 1940 etiem
565 1877 599 1939 iu
627 1875 691 1940 hoc
718 1873 866 1954 videtur,
897 1875 987 1958 quod
1014 1875 1292 1958 indiscriminatim
1317 1875 1417 1957 dicit„

260 1985 321 2050 ime
348 1985 568 2064 Quaestiones
597 1983 640 2051 ad
664 1985 871 2051 ‘Antiochum
900 1985 1060 2068 „saeculo
1089 2008 1177 2055 nonu
1204 1965 1405 2069 antiquiores

260 2118 325 2162 nen
356 2095 477 2180 esee³t
526 2096 612 2166 Nam
643 2096 767 2162 saeculi
800 2100 879 2160 noni
910 2100 1056 2182 scriptor
1091 2119 1173 2162 uon¹
1193 2097 1350 2180 dixisset,
1385 2119 1416 2175 a,

260 2208 400 2276 Daniele
421 2229 527 2291 usque
550 2207 592 2273 ed
613 2229 710 2278 snum
731 2216 861 2292 tempus
884 2228 987 2275 annos
1012 2229 1085 2277 esse
1105 2210 1283 2295 plusquam
1296 2211 1405 2284 octin-

260 2328 396 2405 gentos,
411 2381 415 2388 ,
430 2335 530 2402 quum
561 2327 674 2387 essent
699 2319 775 2403 pius
804 2339 903 2403 quam
934 2320 1022 2386 miiie
1053 2335 1087 2386 et
1113 2323 1261 2386 trecenti.
1312 2319 1405 2405 Ergo

260 2429 296 2495 S.
317 2429 491 2497 Athanasii
512 2434 724 2514 quaestiones
747 2441 881 2500 exstare
909 2441 1078 2517 poterant,
1110 2452 1195 2516 quae
1225 2435 1404 2506 citarentur

259 2545 293 2606 in
315 2543 436 2626 nostris
459 2544 711 2624 quaestionibus
728 2543 825 2611 simul
847 2565 887 2608 ae
902 2543 1136 2630 colligerentur
1154 2546 1187 2608 in
1206 2544 1259 2608 his
1273 2543 1404 2624 Quaes-

259 2652 404 2720 tionibus
428 2653 555 2718 leted
568 2653 776 2724 ¹Antiochum
787 2653 825 2739 ⁴).
1323 2722 1328 2733 ,

345 2763 600 2833 Concedendum
617 2774 741 2849 temen,
764 2787 876 2836 earum
895 2755 1131 2846 Quaestionum
1151 2765 1419 2845 ndAntiochum„

258 2874 442 2963 pleraeque.
456 2878 577 2944 metris
599 2878 1072 2962 quaestiouibusrecentiores
1096 2899 1186 2974 esse,
1208 2879 1417 2963 praesentim,
1516 2910 1521 2920 ·

259 3007 332 3070 ens,
355 3009 441 3071 quoe
463 2991 584 3053 nostris
608 2991 856 3073 quaestionibus
877 2991 983 3055 simile
1007 2989 1087 3073 quid
1109 2997 1269 3072 tractant,
1299 2993 1346 3053 ita
1369 2994 1405 3050 ut

258 3121 359 3186 saepe
383 3122 426 3164 ex
449 3104 569 3166 nostris
593 3110 770 3186 excerptae
793 3101 983 3184 videantur,
1015 3101 1074 3168 sed
1103 3123 1169 3178 non
1199 3122 1329 3184 semper
1358 3103 1404 3163 ita

258 3219 344 3296 apte.
389 3212 503 3296 Atque
520 3212 553 3276 id
573 3213 705 3295 quidem
728 3216 831 3277 cuivis
848 3213 945 3277 facile
967 3213 1108 3297 patebit,
1131 3216 1189 3296 qui
1208 3233 1264 3277 eas
1282 3213 1404 3276 nostris

258 3323 441 3412 contulerit.
494 3323 579 3396 Nam
610 3333 643 3388 et
674 3327 885 3408 quaestiones
916 3332 1047 3390 nostrae
1077 3324 1270 3409 plerumque
1299 3323 1402 3410 multo

257 3435 415 3499 rectiores
447 3443 481 3500 et
509 3436 915 3518 senioresinveniuntur,
950 3444 983 3501 et
1011 3439 1046 3500 in
1077 3427 1331 3517 Quaestionibu'e
1361 3434 1408 3512 ad·

256 3544 456 3610 Antiochum
478 3567 580 3630 saepe
607 3547 732 3630 aliquid
759 3555 920 3616 mutatum
947 3555 1004 3612 eut
1032 3546 1180 3616 additum
1212 3555 1282 3628 est,
1314 3543 1410 3628 quod·

256 3657 363 3721 minus
386 3660 561 3722 convenire
583 3679 643 3722 scu
664 3658 747 3723 aliae
768 3658 813 3722 ad
842 3661 1059 3724 recentiorem
1081 3665 1232 3722 aetatem
1262 3657 1404 3722 ciamare

256 3767 417 3834 videatur.
463 3767 577 3857 Atque
599 3768 634 3832 id
654 3772 800 3854 inprimis
820 3791 980 3854 apparere
1006 3777 1087 3854 puto
1109 3790 1152 3833 ex
1181 3773 1255 3854 ipsa
1280 3775 1403 3851 nostra,

259 4003 687 4014 *uma—..m
694 4009 749 4014 ...-
762 4010 804 4014 ..-..
811 4009 886 4014 u...
892 4009 1004 4015 ..ῳ-4...
1009 4009 1084 4014 --......
1090 4005 1399 4014 -..μ-Μ

331 4171 335 4178 ι

326 4179 348 4246 ¹)
366 4182 435 4232 Dan.
454 4184 479 4248 e,
503 4183 536 4232 24
555 4196 628 4247 seqq.
908 4183 930 4249 ²)
949 4185 966 4234 I.
990 4201 1012 4234 e.
1031 4200 1093 4250 pag.
1114 4187 1172 4236 301.

326 4278 348 4342 ³)
367 4276 465 4328 euin.
485 4282 549 4328 tom.
566 4277 602 4327 11.
623 4279 749 4330 conseo.
956 4267 958 4272 '

325 4372 346 4436 ⁴)
366 4371 443 4434 Quae
463 4377 554 4423 autem
572 4371 600 4422 iu'
619 4377 720 4423 nostris
733 4373 939 4438 quaestionibus
958 4375 982 4424 8.
995 4378 1022 4424 et
1033 4369 1057 4424 ²9.
1078 4375 1204 4440 citantur,
1221 4369 1358 4425 hahentur
1374 4376 1402 4424 in

256 4466 470 4528 Quaestionibus
482 4466 524 4518 -ad
542 4467 708 4520 Antiochum
727 4470 784 4519 107.
806 4473 836 4519 et
854 4469 895 4519 68.
917 4487 931 4516 .·
