3225 5217
266 532 438 596 100.

263 709 333 767 tes‘⁴
350 703 380 786 ').
401 703 742 781 Quocircamonemur
752 722 793 766 ne
804 701 976 768 credamus
987 723 1095 786 neque
1105 706 1324 768 assentiamur
1331 703 1406 785 illis,

262 835 304 878 ne
323 812 499 880 mentones
514 813 788 880 circumveniendi
810 836 870 880 nos
886 835 999 880 ansam
1022 813 1098 878 inde
1113 815 1285 899 accipiant,
1307 822 1407 899 prout

261 928 424 992 nonnullis
437 931 581 1013 contigit.
603 929 709 993 Porro
721 931 848 992 somnia
864 947 963 1012 saepe
974 935 1153 992 nascuntur
1163 945 1206 992 ex
1223 925 1406 992 actionibus

263 1039 381 1123 quibus
404 1039 546 1104 interdiu
571 1042 722 1125 occupati
743 1041 874 1104 fuimus.
919 1039 1139 1103 Immittuntur
1161 1043 1259 1104 etiam
1281 1060 1301 1102 a
1323 1036 1405 1103 dae-

262 1153 421 1217 monibus.
466 1151 649 1218 Elevantur
671 1155 805 1237 insuper
829 1173 871 1216 cx
903 1152 1072 1217 stomacho
1096 1169 1255 1234 vapores,
1286 1151 1404 1234 quibus

261 1267 374 1329 variae
410 1266 603 1350 phantasiae
641 1267 837 1329 excitantur.
903 1261 970 1345 Sed
1009 1273 1042 1328 et
1076 1263 1184 1328 Deum
1228 1261 1404 1346 aliquando

261 1386 429 1443 auctorem
459 1376 590 1443 habent
637 1375 761 1442 Crebro
784 1397 918 1460 quoque
941 1376 1052 1461 angeli
1080 1396 1139 1460 per
1161 1376 1321 1442 insomnia
1342 1395 1402 1437 nos

262 1488 472 1574 diriguntvel
491 1483 776 1573 perterrefaciunt.
805 1487 861 1552 Ad
885 1489 967 1554 haec
990 1491 1097 1554 anima
1119 1497 1274 1571 tanquam
1298 1488 1403 1550 ratio-

261 1600 344 1666 nalis
368 1608 402 1665 et
429 1600 660 1665 intellectualis
684 1609 835 1665 creatura
858 1602 1111 1688 praecognosait
1139 1608 1172 1665 et
1194 1600 1403 1684 praenuntiat

262 1711 422 1796 quaedam
434 1711 565 1795 homini,
590 1716 732 1776 maxime
755 1715 784 1776 si
796 1712 955 1798 Spiritum
968 1721 1114 1777 sanctum
1127 1712 1296 1798 possideat
1306 1711 1342 1794 ²).
1356 1757 1362 1772 .
1374 1756 1403 1773 ..

261 1822 340 1889 Sola
369 1819 468 1909 igitur
496 1824 552 1887 illa
583 1826 708 1889 somnia
738 1822 938 1908 amplectere
971 1832 1004 1889 et
1033 1823 1151 1910 dilige,
1185 1844 1270 1908 quae
1298 1831 1333 1886 te
1360 1820 1403 1884 ad

261 1938 506 2020 contritionem,
530 1936 808 2019 emendationem,
832 1938 1079 2003 conversionem
1101 1936 1232 2018 Deique
1254 1936 1403 1998 timorem

261 2047 427 2113 inducunt

623 2291 844 2428 ourasmo
868 2343 1048 2412 exirm.

345 2496 385 2562 In
417 2497 500 2564 haec
533 2502 725 2582 quaestione
757 2499 892 2586 dicit³):
945 2500 1008 2583 „Si
1042 2508 1191 2586 egestate
1224 2499 1401 2586 impeditus
1472 2473 1478 2486 ²

261 2608 418 2674 iratribus
439 2612 505 2674 tuis
528 2614 667 2695 pecunia
689 2612 866 2679 subvenire
891 2633 1048 2697 nequeas,
1072 2613 1240 2678 consilium
1255 2611 1403 2676 omnibus

260 2728 327 2784 tam
339 2721 514 2805 opulentis,
538 2744 636 2806 quam
659 2727 773 2810 egenis
796 2725 939 2790 salutare
963 2746 1149 2811 suggeram.
1182 2723 1228 2790 Et
1239 2722 1404 2806 quodnam

261 2839 312 2896 est
334 2832 421 2896 istud
443 2835 638 2900 consilium?
670 2835 719 2901 Ut
730 2840 991 2921 quotiescunque
1002 2857 1137 2902 mensae
1147 2843 1225 2900 tuae
1237 2834 1403 2902 accumbis

261 2952 295 3009 et
317 2944 540 3012 diversitatem
565 2947 745 3013 eduliorum
767 2949 827 3013 tibi
858 2951 1042 3034 appositam
1073 2948 1322 3034 contemplaris,
1350 2949 1403 3012 in-

260 3060 421 3142 gemiscas
454 3065 554 3141 teque
577 3059 801 3124 condemnans
834 3060 942 3125 dicas:
980 3059 1009 3126 Ο
1038 3061 1146 3143 Deus,
1179 3082 1221 3126 ue
1253 3059 1332 3124 mihi
1360 3057 1403 3123 ad
1523 3053 1531 3061 ’

260 3168 499 3233 damnationem
519 3174 699 3257 imputetur
716 3180 810 3236 tanta
825 3173 996 3254 bonorum,
1019 3172 1138 3256 quibus
1152 3193 1204 3236 mc
1220 3170 1403 3251 cumulasti,

259 3279 369 3365 copial
413 3282 503 3361 Quot
525 3284 594 3369 jam
625 3292 702 3348 sunt
731 3284 854 3348 fratres
884 3286 1003 3366 nostri,
1038 3287 1095 3368 qui
1125 3287 1280 3368 exiguum
1308 3285 1402 3368 panis

257 3394 433 3482 frustillum
457 3393 660 3460 desideranti
705 3395 795 3476 Quot
825 3397 858 3458 in
881 3395 1112 3460 solitudinibus
1134 3417 1176 3460 ne
1198 3398 1304 3480 ipsam
1327 3397 1402 3478 qui-

259 3504 333 3569 dem
345 3526 463 3590 aquam
474 3506 516 3570 ad
534 3510 720 3571 satietatem
735 3508 860 3589 bibunt,
886 3507 944 3572 sed
963 3528 983 3570 a
999 3508 1076 3572 solis
1092 3516 1186 3573 aestu
1203 3506 1403 3572 exurunturl

259 3613 414 3693 Similiter
437 3618 569 3702 quando
593 3618 737 3683 cubitum
759 3620 866 3701 vadis,
890 3620 1005 3685 eadem
1029 3623 1062 3684 in
1084 3620 1173 3684 lectu
1196 3640 1269 3684 cum
1292 3622 1400 3682 animo

259 3737 316 3792 tuo
337 3736 464 3815 reputa.
496 3729 589 3794 Idem
608 3730 662 3796 fac
684 3733 717 3794 in
738 3731 869 3814 balneo,
891 3735 925 3796 in
946 3733 1031 3814 loro,
1054 3735 1086 3795 in
1100 3732 1250 3813 ecclesia,
1273 3751 1403 3816 semper

260 3844 354 3924 quasi
383 3845 416 3905 iu
449 3850 573 3906 statera
603 3845 744 3928 teipsum
772 3846 963 3929 appendens
994 3855 1027 3910 et
1059 3844 1277 3908 damnationis
1312 3849 1403 3908 r'eum

258 3955 481 4038 pronuntians.
524 3953 597 4019 Nec
620 3976 705 4019 vane
730 3957 809 4019 mihi
831 3958 1037 4041 persuadeo,
1060 3976 1188 4021 omnem
1211 3955 1321 4036 illum,
1338 3956 1402 4039 ⁴qui

258 4064 359 4128 talem
382 4067 622 4133 confessionem
648 4068 788 4134 ediderit
818 4079 851 4134 et
880 4079 995 4136 contra
1025 4091 1061 4136 se
1085 4069 1302 4134 damnationis
1324 4089 1404 4132 seu-

329 4448 554 4516 ifflfflff
870 4447 1290 4515 umammam
1404 4497 1409 4507 ,

328 4541 351 4610 ³)
370 4548 434 4609 post
452 4559 486 4595 ea
505 4544 604 4609 verba,
623 4557 693 4608 quae
711 4557 797 4608 supra
815 4558 878 4610 pag.
896 4545 929 4596 83
948 4545 1074 4610 allegavi.
