3225 5217
289 539 335 603 tto

291 710 342 776 his
362 711 485 774 nostris
507 709 753 793 quaestionibus
775 727 851 774 esse
873 717 1049 796 excerptas
1073 717 1107 775 et
1128 709 1308 792 delibatas,
1331 718 1453 794 atque.

288 821 391 903 den,
423 841 522 904 quam
545 822 766 901 Quaestiones
787 821 831 885 ad
853 821 1053 888 Antiochum
1074 823 1208 887 saeculo
1236 841 1322 887 nono
1343 824 1430 886 anti·

290 935 424 1017 quiores
445 953 512 998 non
533 935 615 1014 sint,
643 934 864 1013 Quaestiones
885 943 1016 1000 nostrus
1037 933 1082 1002 ad
1104 934 1315 1000 Anastasium
1337 953 1430 998 suum

288 1053 442 1129 quartum
464 1045 645 1130 spectart“
663 1044 697 1127 ¹),
740 1046 894 1129 Denique
917 1047 1016 1130 etiam
1038 1047 1072 1109 in
1095 1029 1345 1132 coarguendus
1368 1053 1428 1126 est,

288 1154 380 1240 quod
401 1177 515 1224 omnes
535 1155 814 1220 indiscriminatim
826 1161 1037 1240 quaestiones
1057 1157 1163 1222 eidem
1185 1158 1311 1222 auctori
1333 1159 1429 1220 attri-

290 1267 380 1348 buit,
408 1275 527 1351 atque,
558 1287 658 1350 quum
680 1271 906 1351 quaestionem
928 1270 980 1332 64.
1010 1268 1054 1333 ob
1084 1267 1221 1333 eandem
1252 1267 1294 1333 de
1313 1268 1428 1348 ,tribus

289 1377 559 1464 Quadragesimis
579 1367 751 1444 servandis
769 1379 949 1444 doctrinam
968 1388 1069 1464 atque
1088 1380 1204 1445 eadem
1217 1383 1315 1444 etiam
1326 1378 1429 1444 verba

188 1541 191 1550 Δ
288 1512 354 1555 non
381 1511 488 1576 panea
515 1489 663 1576 ejusdem
692 1494 837 1555 auctoris
872 1511 946 1556 esse
963 1490 1064 1568 dicat
1092 1512 1165 1556 oum
1195 1490 1352 1556 Tractatu
1386 1491 1427 1556 de

288 1603 394 1668 tribus
415 1601 697 1688 Quadragesimis,
721 1625 764 1667 ex
786 1623 854 1687 quo
877 1603 1082 1688 potissimam
1105 1623 1200 1667 sunm
1214 1601 1427 1667 Anastasinm

289 1722 442 1798 quartum
476 1715 583 1793 erait,
625 1735 738 1779 omnes
775 1714 852 1779 inde
886 1719 1096 1798 quaestiones
1129 1714 1172 1779 ad
1211 1714 1297 1778 huno
1334 1733 1427 1778 suum

288 1825 499 1891 Anastasium
523 1834 675 1909 quartum
696 1825 829 1890 indubie
852 1835 1004 1911 spectare
1026 1825 1204 1891 contendit.
1238 1807 1340 1890 Haeo
1355 1829 1427 1912 ipsa

287 1947 397 2002 autem
422 1941 572 2022 quaestio
595 1939 646 2001 ot.
668 1959 710 2000 an
732 1937 931 2022 interpolata¹
955 1941 1018 2020 sit,
1040 1941 1158 2003 merito
1181 1941 1253 2022 quis
1277 1937 1427 2002 dubitare

286 2049 365 2113 mihi
386 2051 527 2114 videtur.

373 2159 492 2245 ltaque
519 2169 557 2225 ut
584 2160 794 2242 concludam,
828 2161 942 2225 burum
965 2162 1201 2240 Quaestionum
1227 2163 1306 2244 154,
1340 2179 1425 2246 quae

287 2281 422 2338 exstant
443 2272 506 2337 sub
528 2275 660 2337 nomine
681 2270 859 2352 Anastasii,
883 2294 948 2336 non
971 2293 1093 2354 omnes,
1116 2273 1293 2358 plerasque
1315 2279 1425 2336 tamen

286 2383 465 2450 Anastasio
486 2405 562 2449 meo
584 2383 731 2451 Sinaitaa
751 2381 930 2469 etHodegi
952 2387 1077 2450 auctori
1099 2384 1312 2449 attribuerim.
1350 2383 1427 2450 Sin-

287 2496 387 2581 gulae
419 2515 500 2560 vero
534 2498 745 2580 quaestiones
779 2496 821 2560 ad
857 2517 954 2580 quem
977 2504 1155 2582 ¹spectent,
1191 2499 1340 2579 quisnam
1372 2496 1427 2560 vel

288 2611 422 2692 quinam
454 2608 542 2672 forte
575 2607 767 2692 collegerint
798 2608 854 2672 vel
887 2607 1089 2689 addiderint,
1122 2630 1164 2672 an
1196 2607 1301 2690 idem,
1336 2609 1427 2694 cujus

262 2719 438 2803 'videntur
461 2722 669 2802 quaestiones
693 2721 722 2783 2.
747 2728 780 2784 et
801 2721 853 2784 oi.
885 2717 1000 2784 saitem
1024 2719 1134 2805 quoad
1162 2721 1296 2785 citatum
1320 2719 1424 2785 Nice-

284 2827 443 2914 phorum,
466 2833 540 2915 qnis
563 2830 745 2896 decernet?
1389 2819 1392 2824 ’

371 2943 547 3009 Caeterum
577 2944 640 3008 bae
671 2947 882 3028 quaestiones
909 2947 974 3010 hoc
1007 2945 1105 3010 modo
1134 2947 1303 3012 institutae
1336 2953 1421 3026 sunt,

283 3063 321 3119 nt
342 3063 457 3120 auctor
478 3053 758 3140 adquaestionem
781 3060 984 3141 propositam
1007 3058 1201 3142 pierumque
1224 3060 1314 3142 prius
1330 3058 1424 3140 quasi

285 3189 328 3232 ex
350 3169 485 3252 propria
506 3175 616 3231 mente
635 3167 847 3252 respondeat,
870 3166 1080 3233 deindeve'ro
1098 3177 1165 3234 tum
1182 3190 1295 3234 sacrae
1309 3167 1423 3253 Serip-

273 3287 380 3343 ,turae
401 3287 470 3342 tum
483 3275 688 3344 SS.Patrum
711 3281 898 3345 testimonia
921 3301 960 3344 eo
978 3279 1092 3344 ordine
1115 3281 1302 3367 subjungat,
1326 3301 1423 3364 quem

282 3410 337 3455 res
370 3387 539 3475 postulare
571 3389 704 3454 videtur
735 3399 770 3454 et
807 3393 994 3455 testimonia
1041 3391 1184 3478 allegata
1222 3395 1422 3478 permittunt

284 3500 439 3566 Attamen
461 3503 494 3563 in
516 3502 753 3585 posterioribus
777 3504 1026 3585 quaestionibus
1049 3525 1146 3588 quam
1169 3504 1315 3589 plurimis
1333 3503 1424 3588 ejus-

282 3611 372 3678 modi
403 3614 590 3677 testimonia
619 3631 767 3697 prorsus-
786 3617 987 3679 omittuntnr.
1032 3613 1107 3680 Jam
1129 3635 1229 3696 vero,
1261 3613 1422 3692 benevole

283 3724 401 3802 laetor,
437 3730 474 3787 ut
503 3726 575 3808 ipsc
604 3723 661 3809 de,
676 3723 727 3788 his
756 3724 1013 3804 Quaestionibns
1042 3726 1243 3809 aliquantum
1270 3725 1421 3812 judicare

282 3836 409 3920 possis,
431 3834 603 3900 nonnullas
624 3835 685 3900 tibi
708 3835 851 3901 selectas
873 3856 1073 3922 proponam,
1097 3839 1225 3902 omissis
1248 3845 1371 3918 tamen,
1395 3837 1423 3900 si

283 3964 370 4028 quae
397 3944 652 4032 subjunguntur,
682 3969 796 4012 sacrae
820 3945 1010 4033 Scripturas
1034 3948 1087 4012 vel
1110 3947 1169 4016 SS.
1191 3949 1328 4014 Patrum
1350 3955 1423 4012 tes-

282 4058 435 4123 timoniis.

356 4513 379 4581 ¹)
398 4513 496 4566 Oudtn.
515 4520 580 4566 tom.
598 4515 633 4566 11.
651 4515 704 4566 ool.
723 4515 783 4568 ooo.
