3225 5217
1290 472 1330 539 23

319 651 460 714 monium
483 650 674 736 objiciatur,
704 651 746 716 ab
774 652 848 741 ipso
869 653 1013 717 vicissim
1037 652 1218 733 evestigio
1240 650 1330 715 aliud

320 764 539 829 testimonium
562 762 717 849 produci,
740 766 812 828 sive
829 766 873 827 sit
890 762 1329 828 haereticuasivedudaeua.

319 873 529 959 Quapropter
563 878 607 957 is,
641 878 694 939 cui
723 878 811 940 vires
842 875 906 939 hoc
939 873 1131 955 concedent,
1163 876 1329 961 mugisse

319 994 423 1050 armet
452 994 565 1051 contra
595 986 802 1052 adversarios
833 985 1163 1051 demonstrationibus
1186 1004 1230 1051 ex
1256 988 1330 1071 ipsa

318 1082 426 1163 rerum
449 1105 565 1162 natura
587 1098 777 1182 desumptis.

264 1210 295 1273 8.
318 1208 522 1294 Exploratus
550 1209 671 1274 habeat
701 1209 988 1301 chronographos,
1023 1217 1057 1273 et
1084 1228 1151 1292 quo
1180 1216 1329 1293 temporo

317 1322 439 1385 vixerit
460 1322 518 1385 hic
545 1329 603 1386 aut
632 1321 688 1386 ille
708 1322 826 1402 Peter,
859 1328 895 1385 et
916 1320 1048 1403 quando
1076 1321 1159 1385 haec
1188 1329 1246 1384 aut
1271 1319 1328 1383 illa

317 1432 463 1498 haeresis
487 1434 643 1499 extiterit.

166 1586 168 1591 -
262 1545 291 1608 9.
314 1539 432 1627 Neque
462 1545 543 1609 illud
572 1546 803 1631 ignorandum3
842 1546 1084 1627 adversarium,
1112 1541 1327 1629 quandoper

315 1658 604 1743 interrogationem
633 1656 677 1722 ad
709 1661 879 1743 augustias
912 1658 1067 1723 redactus
1101 1664 1169 1738 est,
1203 1656 1326 1737 conari,

316 1768 382 1833 aliu
402 1771 659 1855 interrogatione
687 1770 875 1854 proposito,
908 1768 973 1834 alio
1007 1787 1191 1833 sermonem
1216 1775 1326 1831 trans-

315 1881 412 1945 ferre.
458 1881 557 1960 Quod
579 1902 643 1945 non
667 1890 718 1945 est
739 1880 953 1947 tolerandum.
1201 1860 1205 1867 ¹

241 1991 289 2058 10.
311 1989 400 2055 Ante
423 1990 676 2077 disputationem
699 1992 741 2057 ab
763 1992 954 2057 adversario
972 1993 1193 2078 juramentum
1203 2000 1324 2077 peten-

316 2102 391 2165 dum
420 2112 488 2185 est,
522 2126 588 2188 quo
620 2104 817 2189 polliceatur
849 2104 939 2168 nullo
967 2104 1070 2169 verbo
1098 2110 1213 2168 contra
1242 2124 1324 2169 con·

314 2219 483 2280 scientiam
506 2236 580 2281 sese
601 2225 757 2281 acturum.

241 2327 289 2389 11.
312 2326 401 2391 Ante
424 2344 551 2393 omnem
581 2328 835 2413 disputationem
862 2328 1077 2393 detestandae
1106 2336 1182 2393 sunt
1211 2348 1323 2392 omnes

314 2440 443 2503 omnino
474 2460 596 2524 pravae
628 2443 831 2525 suspiciones
860 2449 894 2505 et
925 2442 1111 2525 opiniones,
1145 2461 1228 2523 quas
1260 2438 1324 2503 ad·-

309 2554 479 2616 .versarius
502 2550 543 2615 de
566 2552 660 2616 nobis
683 2555 845 2638 concepit,
867 2561 905 2617 ut
926 2556 954 2617 si
976 2574 1049 2617 cum
1064 2552 1229 2619 Arabibus
1252 2551 1323 2616 dis-

313 2662 494 2748 putandum
516 2665 574 2744 sit,
606 2662 805 2729 anathemati
834 2665 1044 2750 subjiciamus
1067 2686 1141 2729 eum
1164 2667 1221 2749 qui
1243 2664 1323 2730 dicit

312 2773 395 2839 duos
419 2774 500 2840 deos
522 2776 575 2840 vel
599 2779 655 2860 qui
678 2775 775 2841 docet
797 2777 905 2842 Deum
927 2780 1080 2861 genuisse
1102 2777 1203 2840 filium
1230 2798 1321 2841 more

309 2887 474 2972 modoque
499 2890 588 2951 carni
611 2896 769 2953 consueto
793 2890 1015 2975 (σαρκικοῖς),
1038 2889 1093 2953 vel
1115 2891 1173 2971 qui
1194 2888 1320 2969 adorat,

309 3006 346 3062 ut
367 3000 489 3081 Deum,
523 3000 783 3084 qualemcunque
814 3008 996 3066 creaturam
1024 3003 1058 3063 in
1087 2999 1181 3064 coelo
1210 3007 1267 3063 aut
1287 3002 1321 3063 in
1391 3038 1414 3056 .‚

308 3116 404 3174 terra.
438 3112 517 3176 Pari
540 3111 638 3177 modo
658 3121 809 3178 caeterae
831 3114 987 3177 haereses
1010 3132 1190 3195 omnesque
1212 3111 1319 3176 falsae
1386 3159 1388 3163 -

310 3224 531 3307 opinationes,
556 3223 674 3308 quibus
699 3224 740 3289 de
763 3224 857 3289 nobis
879 3224 995 3320 imbuti
1016 3232 1102 3306 sunt,
1124 3226 1214 3309 prius
1236 3244 1320 3289 una·

309 3336 453 3400 themate
486 3336 622 3421 percelli
656 3335 787 3401 debent
831 3336 917 3401 Nam
951 3357 1024 3400 cum
1057 3339 1140 3403 haec
1172 3336 1319 3418 audiunt,

306 3446 446 3512 alacrius
469 3447 603 3531 reliquis
625 3468 722 3513 aures
744 3449 914 3533 praebent.

234 3560 283 3623 12.
307 3558 403 3624 Omni
434 3559 688 3643 Monophysitae
722 3560 866 3647 praefari
895 3569 1044 3645 oportet,
1077 3583 1138 3627 nos
1172 3584 1239 3627 non
1273 3582 1317 3627 ex

311 3669 572 3736 chalcedonensi
594 3672 732 3755 synod0,
755 3672 816 3737 sed
839 3694 884 3737 ex·
893 3673 1060 3754 Patribus,
1082 3676 1139 3757 qui
1155 3674 1318 3759 synodum

191 3775 197 3785 ’
307 3790 565 3867 antecesserunt,
589 3792 703 3849 contra
725 3784 800 3849 illos
818 3804 910 3849 arma
931 3804 1070 3867 sumere,
1094 3805 1179 3868 quos
1202 3794 1236 3849 et
1256 3806 1318 3851 nos

309 3902 342 3959 et
363 3894 411 3959 illi
433 3895 638 3961 orthodoxos
660 3896 765 3961 fuisse
788 3896 992 3961 confitemur.

233 4006 282 4071 13.
305 4005 572 4091 Monophysitam
600 4010 807 4093 praemunire
836 4005 993 4081 debemus
1024 4014 1057 4071 et
1078 4009 1205 4072 sineere
1235 4028 1317 4073 ana-

305 4117 415 4182 thema
426 4114 617 4182 denuntiare
634 4118 793 4201 omnibuS,
805 4121 937 4201 quinon
949 4118 1144 4182 confitentur
1151 4116 1317 4183 Christum

307 4250 382 4295 esse
404 4250 518 4293 verum
540 4231 657 4295 Deum.
702 4229 776 4311 Hoc
798 4230 888 4295 facto
910 4228 1077 4294 induenda
1099 4237 1150 4294 est
1175 4250 1318 4315 persona

306 4340 426 4407 Judaoi
454 4341 520 4407 vel·
546 4342 642 4405 Pauli
675 4340 896 4423 Samosateni,
937 4340 1227 4426 quaerendumque
1269 4364 1314 4407 ex

305 4454 379 4534 illo,
409 4452 496 4519 unde
525 4453 651 4536 liqueat
673 4452 839 4519 Christum
869 4474 943 4520 esse
964 4454 1073 4518 Deum
1102 4453 1315 4535 altissimum
