3225 5217
288 524 349 588 126

284 698 575 782 interrogationem
597 703 631 762 ct
653 699 833 762 contrarias
855 698 1060 783 objectiones
1086 718 1107 761 a
1135 697 1272 762 muliere
1294 706 1329 762 et
1350 717 1425 762 sea-

284 819 399 894 pente:
431 809 581 873 similiter
609 811 706 873 etiam
735 807 869 872 Domini
896 811 1037 872 tentatIo
1062 817 1176 874 secuta
1204 817 1257 873 est
1288 818 1424 874 contra·

285 920 422 984 dictorie
455 923 541 984 inter
571 921 678 1004 ipsum
712 928 746 984 et
778 919 955 1005 malignum
988 918 1208 984 daemonem“
1226 920 1258 1003 Ι).
1312 919 1424 1002 „Cum

284 1041 395 1096 autem
416 1031 550 1113 mulier,
583 1053 603 1094 a
626 1030 788 1096 daemone
809 1030 967 1115 decepta,
1001 1051 1137 1096 reversa
1165 1040 1255 1096 esset
1282 1031 1421 1096 adeum

285 1165 383 1227 quem
405 1142 595 1226 reliquerat,
625 1144 677 1204 vir
705 1162 777 1206 earn
806 1163 872 1206 non
902 1145 1101 1227 increpavit,
1132 1163 1199 1206 non
1227 1141 1425 1207 contumelia

285 1255 412 1336 affecit,
442 1275 507 1318 non
530 1253 668 1337 repulit:
702 1253 763 1317 sed
785 1274 859 1317 cum
879 1253 923 1318 ab
945 1273 1007 1333 ea,
1039 1253 1096 1318 vel
1125 1255 1236 1338 potius
1264 1274 1326 1338 pro
1351 1256 1425 1338 ipsa

284 1367 469 1449 accepisset
502 1366 645 1428 fructum
677 1365 774 1450 ligni,
817 1374 970 1450 prompto
1010 1373 1045 1428 et
1076 1365 1178 1430 alacri
1209 1368 1318 1429 animo
1350 1385 1424 1428 eum

284 1478 439 1562 gustarit.
483 1476 640 1540 Fructum
669 1477 750 1562 ligni
778 1477 928 1562 intellige
949 1485 1087 1542 mortem
1095 1476 1234 1548 christi
1254 1479 1288 1540 in
1310 1496 1424 1541 cruce:

285 1611 383 1673 quam
405 1608 465 1673 pro
487 1586 639 1662 Ecclesia
659 1597 816 1671 tanquam
838 1609 900 1673 pro
923 1609 1029 1653 uxore
1050 1610 1111 1654 sua
1132 1590 1175 1654 ab
1201 1591 1275 1674 ipsa
1295 1591 1425 1673 accepit

284 1709 319 1766 et
340 1699 449 1764 triduo
471 1703 636 1784 gustavit,
665 1708 702 1764 ut
724 1721 784 1784 pro
808 1701 957 1765 omnIbus
980 1708 1130 1786 gustaret
1156 1711 1311 1781 mortem,
1341 1721 1423 1765 con-

284 1819 441 1897 gruenter
470 1813 545 1876 voci
574 1811 692 1876 Pauli“
706 1809 741 1895 ²).
786 1811 856 1878 Sed
888 1813 971 1877 haec
1003 1812 1136 1895 quidem
1172 1811 1216 1877 de
1246 1815 1353 1897 pr'nne
1385 1820 1421 1878 et

249 1955 250 1960 ¹
285 1921 431 1990 secundo
453 1923 592 1990 Adamo.
1421 2001 1425 2008 ¹

369 2035 446 2102 Duo
469 2043 578 2100 autem
601 2035 690 2121 ligna
712 2036 744 2098 in
767 2035 876 2100 medio
898 2034 1055 2121 paradiso
1076 2037 1186 2120 posits
1199 2033 1235 2118 ⁸),
1258 2034 1339 2099 dicit
1349 2035 1422 2099 lor·

284 2150 370 2213 sitan
402 2147 507 2212 fuisse
538 2146 691 2230 symbols
712 2148 846 2211 virtutis
879 2155 914 2211 et
941 2149 1030 2228 vitii,
1067 2155 1104 2212 et
1126 2149 1257 2212 virtutis
1290 2147 1421 2231 quidem

283 2259 482 2344 frugiferum>
500 2257 649 2326 datorem
673 2279 747 2324 esee
762 2257 928 2323 Christum
942 2257 977 2342 ⁴).
1010 2258 1134 2324 Censet
1155 2268 1265 2324 autem
1286 2267 1422 2344 propter

284 2370 468 2450 hominum,
488 2372 554 2454 qui
580 2378 615 2436 et
641 2369 762 2436 bovem
791 2378 827 2434 et
851 2390 982 2435 muscas
1003 2372 1090 2434 inter
1110 2369 1202 2435 Deos
1222 2370 1422 2452 retrdisseut,

284 2481 518 2567 inexplebilem
538 2481 699 2548 idolorum
724 2483 882 2547 insaniam
903 2482 1011 2547 Deum
1033 2484 1066 2545 in
1087 2481 1259 2567 Scriptura
1275 2481 1424 2545 Mosaica

283 2593 432 2680 Angelos
454 2593 584 2660 silentio
606 2597 837 2679 praeteriisse,
858 2615 901 2659 ue
923 2597 953 2658 si
974 2593 1175 2676 didicissent,
1199 2613 1273 2658 esse
1295 2592 1423 2676 aliquas

284 2714 419 2770 naturae
441 2707 600 2772 materiae
621 2717 779 2792 expertes
801 2716 836 2771 et
857 2704 1096 2790 intelligentes,
1126 2725 1185 2770 ecs
1206 2707 1240 2769 in
1261 2704 1344 2769 deos
1365 2725 1423 2769 re-

284 2818 410 2884 ferrent
427 2815 462 2901 ⁸).
507 2817 647 2884 Flumen
669 2817 788 2884 deiude
812 2839 856 2882 ex
877 2816 986 2882 Edem
1007 2815 1181 2902 egrediens
1210 2823 1424 2899 etquattuor

284 2929 402 2997 fluvios
416 2927 446 3013 ⁶)
468 2931 707 3014 interpretator*
723 2929 764 2994 de
787 2928 936 3011 Christo,
957 2928 1141 2993 Ecclesiam
1156 2925 1183 3010 ⁷)
1204 2926 1423 3009 custodiente,

263 3042 448 3126 irrigante,
470 3040 683 3124 illuminante,
704 3041 864 3108 adversos
887 3041 1000 3106 hostes
1018 3040 1208 3124 (Assyrios)
1217 3047 1422 3124 protegente,

285 3172 358 3218 cum
386 3171 426 3219 ea
453 3161 615 3238 perpetuo
637 3161 850 3238 permanente
861 3149 899 3236 8).
941 3151 1046 3217 Iidem
1078 3160 1234 3236 quattuor
1265 3151 1357 3214 tluvii
1391 3150 1423 3212 ei

354 3487 581 3556 ι)οο1.1020().
686 3487 1071 3555 ¹)l1ebr.2,9;,eol.1020
1087 3485 1121 3537 A.
1226 3486 1249 3551 ⁸)
1267 3484 1335 3538 G'en.
1354 3488 1380 3553 2,
1397 3488 1422 3538 e.

354 3581 377 3649 ⁶)
395 3583 442 3634 llb.
460 3583 535 3636 VIII.
555 3583 607 3635 col.
625 3584 676 3636 972
695 3581 724 3634 0.
830 3582 853 3648 ⁸)
872 3581 938 3634 lbld.
1043 3581 1066 3648 ⁸)
1085 3581 1153 3633 Gen.
1172 3581 1203 3648 2,
1222 3583 1347 3646 loseqq.

354 3678 377 3745 ⁷)
394 3676 546 3728 Ecclesiam
565 3681 636 3728 enim
654 3676 789 3742 significat
806 3683 879 3727 terra
896 3675 1014 3728 Evssath.
1048 3677 1100 3744 „In
1119 3677 1242 3727 omnibus
1261 3680 1332 3726 enim
1355 3675 1423 3726 locls

285 3775 399 3824 terrenis
424 3787 493 3836 quae
518 3777 583 3823 eunt
605 3774 765 3838 manifesta,
792 3787 847 3822 non
873 3777 915 3822 est
937 3771 1014 3823 locus
1041 3774 1088 3836 qui
1105 3777 1220 3823 vocatur
1243 3771 1422 3821 Evilath....

284 3863 394 3918 Evilath
413 3872 505 3918 autent
523 3870 718 3931 interpretatur
735 3868 890 3931 parturiens
909 3871 936 3917 et
954 3866 1098 3932 pariens“,
1125 3865 1214 3931 qualis
1238 3871 1280 3917 est
1297 3864 1423 3916 Ecclesia

285 3965 421 4036 gentium,
444 3976 514 4026 quac
534 3959 679 4026 aliqnando
700 3959 807 4026 quidem
827 3965 885 4011 erat
903 3961 1019 4026 sterilis,
1043 3976 1115 4012 nunc
1133 3965 1224 4012 autem
1242 3960 1377 4011 foecunda
1395 3961 1423 4010 ln

284 4056 409 4108 DomIno.
444 4055 549 4108 Aurum
576 4061 667 4108 sutem
694 4055 767 4108 illlue
794 4061 884 4106 terrae
910 4055 1021 4106 Evilath
1046 4060 1089 4106 est
1114 4056 1271 4122 „DivinItas
1296 4070 1367 4120 qnae
1395 4057 1423 4104 tu

284 4152 408 4202 Ecclesta
425 4151 581 4217 resplendet
598 4156 625 4202 et
643 4149 796 4202 adorarunt
835 4150 899 4216 (col.
918 4149 991 4216 9⁶15.)
1306 4205 1318 4224 ο

354 4246 376 4312 ⁸)
395 4247 446 4297 col.
457 4247 602 4299 ete-eet.
622 4245 773 4314 „Convenit
790 4245 940 4310 prudenter
954 4244 1179 4315 animadvertere,
1195 4240 1423 4308 quemadmodum

283 4341 386 4393 Phison
404 4341 512 4407 quidem
532 4341 631 4392 dicitur
649 4344 763 4392 circuire
782 4345 867 4391 totam
886 4345 985 4391 terram
1002 4339 1127 4405 Evilath,
1146 4354 1195 4389 seu
1213 4340 1421 4403 parturientem

180 4429 194 4454 ‘
265 4501 269 4510 Ι
285 4435 362 4486 (ison
379 4440 471 4487 autem
490 4437 613 4487 simfliter
630 4439 750 4488 contlnet
764 4435 921 4486 custodiens
933 4437 980 4500 qui
990 4439 1016 4485 ln
1028 4449 1060 4485 eo
1073 4438 1138 4486 sunt
1146 4416 1264 4498 populos
1274 4447 1366 4484 eorum
1377 4432 1423 4495 qul

283 4533 360 4598 prius
378 4536 456 4582 crant
464 4531 643 4598 Aethiopum:
662 4531 762 4598 Tygrls
780 4535 871 4582 autem
890 4545 951 4582 eam
968 4533 1089 4596 protegit
1107 4535 1135 4580 et
1149 4527 1272 4581 defendit
1290 4527 1422 4580 adversus
