3225 5217
1296 521 1337 588 69

280 691 357 758 dam
392 713 473 758 vero
502 692 692 777 videamus,
725 715 769 759 an
794 693 920 778 aliquid
949 693 991 758 de
1018 692 1195 758 Anastasio
1224 702 1338 758 nostro

195 826 239 871 ex
262 806 326 870 lroc
347 825 498 870 sermone
521 826 637 872 eruero
663 809 837 890 possimus.
881 806 933 869 Ac
955 809 1172 890 comperimus
1196 805 1338 890 quidem,

196 915 406 981 Anastasium
429 925 576 981 nostrum
599 919 697 981 etiam
719 925 798 1001 post
819 938 848 996 a.
866 918 947 981 700..
960 919 994 980 in
1016 920 1102 982 vivis
1124 918 1237 998 luisse,
1261 917 1338 982 dum

193 1029 298 1092 refert
324 1029 433 1093 Deum
460 1027 504 1092 ob
531 1036 663 1093 sextum
691 1031 933 1094 oecumenicam
963 1028 1125 1112 synodum
1156 1027 1217 1094 sub
1248 1027 1340 1095 Con.-

132 1121 137 1128 ⁵
194 1141 337 1204 stantiuo
371 1141 545 1224 Pogonato
577 1125 607 1202 a.
636 1140 709 1203 680.
746 1139 907 1219 habitam,
947 1159 1008 1224 per
1035 1142 1152 1225 viginti
1182 1161 1339 1205 annorum

194 1252 335 1335 spatium
348 1250 372 1332 ¹)
394 1251 534 1314 salutem
557 1259 591 1316 et
612 1271 727 1335 pacem
750 1251 881 1335 populis
894 1248 1089 1315 Christianis
1111 1249 1339 1335 restituisse2).
1387 1323 1392 1328 ,

279 1362 335 1426 le
358 1362 517 1427 hocloco
546 1361 729 1447 colligitur,
758 1362 980 1447 longissimam
1003 1361 1215 1426 Anastasium
1237 1365 1338 1426 vitam

194 1474 340 1540 duxisse.
372 1473 481 1553 Quum
504 1476 589 1537 enim
607 1474 676 1558 jam
698 1472 852 1537 claruerit
873 1480 949 1537 ante
972 1494 1000 1536 a.
1013 1474 1086 1554 640,
1110 1494 1175 1557 quo
1191 1482 1338 1560 tempore

193 1603 267 1651 euru
297 1587 472 1650 haereticis
499 1583 725 1650 Alexandriae
755 1584 961 1667 disputabat,
997 1605 1134 1649 necesse
1164 1593 1233 1665 est,
1264 1605 1338 1650 eum

188 1697 259 1782 jam
294 1705 373 1761 tunc
407 1717 526 1782 magna
562 1699 758 1762 auctoritate
795 1695 975 1780 polluisse,
1021 1698 1082 1760 etsi
1126 1696 1235 1761 dicere
1274 1719 1338 1762 non

194 1821 388 1892 possumm,
420 1829 493 1873 eum
518 1810 586 1893 jam
608 1817 688 1872 tanc
709 1806 916 1874 sacerdotem
939 1807 1053 1871 fuisse.
1097 1806 1175 1892 Ipse
1198 1810 1338 1872 enimin

194 1919 417 2003 disputatione
454 1939 515 1984 sua
551 1941 589 1984 se
627 1919 732 1983 solum
767 1918 961 1982 monachum
997 1919 1178 2003 profitetur.
1237 1919 1336 2004 Apud

194 2029 342 2096 Graecos
368 2040 478 2096 autem
505 2032 574 2116 jam
604 2051 725 2117 pueros
754 2031 808 2096 vel
837 2031 951 2096 decem
980 2051 1137 2095 annorum
1160 2031 1337 2096 monachos

191 2143 265 2208 fieri
285 2145 434 2227 potuisse
455 2152 566 2211 notum
589 2153 650 2208 est
693 2142 812 2226 Itaque
834 2145 863 2207 si
884 2164 1063 2228 ponamus,
1094 2163 1167 2207 eum
1198 2146 1286 2208 circa
1307 2165 1337 2206 a.

192 2256 267 2318 610.
279 2262 391 2318 natam
411 2255 526 2336 fuisse,
546 2240 704 2338 sequit‘ur,
722 2275 796 2320 eum
816 2276 935 2318 annum
953 2255 1336 2339 circiternonagesimum

193 2369 355 2451 attigisse.
397 2367 548 2452 Longam
576 2374 687 2430 autem
709 2365 878 2431 Anastasii
907 2368 1008 2430 vitam
1036 2374 1229 2450 argumento
1261 2385 1336 2430 meo

194 2478 327 2544 obstare
335 2499 399 2542 non
410 2485 619 2563 possepatet,
633 2481 827 2562 praesertim
838 2499 937 2560 quum
952 2476 1039 2541 idem
1056 2479 1127 2561 ipse
1137 2496 1241 2542 annus
1256 2497 1336 2561 sep·
1393 2523 1394 2526 ,

191 2591 440 2676 tingentesimus
468 2591 587 2654 iterum
614 2592 798 2672 iterumque
832 2591 865 2652 iu
893 2587 1150 2668 Quaestionibus
1177 2595 1214 2652 et
1243 2587 1335 2652 libris

192 2700 366 2766 duodecim
386 2703 421 2767 iu
442 2701 675 2776 Hexaemeron
698 2709 864 2782 occurrat,
887 2703 935 2764 uti
953 2701 1022 2764 suis
1040 2699 1122 2764 locis
1141 2699 1334 2764 videbimus.

277 2811 432 2878 Forsitan
452 2822 563 2878 autem
583 2813 732 2902 nomalas
753 2834 791 2878 re
814 2815 891 2893 erit,
914 2832 1000 2896 quae
1021 2820 1137 2876 auctor
1154 2810 1196 2875 do
1212 2810 1334 2876 Mono-

191 2924 368 2990 tlreleticae
389 2925 536 2990 haeresis
553 2933 628 2990 ortu
645 2932 747 3008 atque
765 2924 974 2989 damnatione
992 2932 1118 3006 narrat,
1141 2924 1212 3008 ejus
1230 2923 1334 3007 ipsius

191 3036 303 3101 verbis
324 3036 389 3100 lruc
409 3035 565 3121 allegare.
609 3034 732 3103 Scribit
753 3036 867 3119 itaque
879 3034 922 3118 8)ι

278 3146 379 3228 „Non
411 3125 488 3212 sunt
526 3147 679 3232 loquelae
714 3168 824 3232 neque
864 3167 1047 3226 sermones,
1090 3167 1229 3230 quorum
1268 3157 1338 3211 non

189 3258 364 3324 audiantur
385 3279 501 3324 voces:
531 3258 591 3324 sed
618 3262 652 3323 in
674 3280 803 3324 omnem
825 3267 946 3323 terram
970 3260 1075 3324 exivit
1096 3279 1196 3324 sonus
1219 3278 1331 3323 eorum

191 3371 279 3436 etin
299 3370 382 3436 fluas
404 3371 494 3436 orbis
516 3380 623 3437 terrae
645 3370 750 3436 verba
771 3392 900 3437 eorum:
923 3363 1060 3451 eorum,
1075 3372 1223 3454 inquam,
1245 3370 1332 3434 Per-

189 3502 299 3546 sarum
320 3480 610 3566 Romanorumque
632 3485 862 3564 certaminum,
886 3483 1193 3546 cumviotoriosum
1216 3479 1331 3546 Crucis

189 3601 360 3677 tropaeum
371 3591 482 3658 divino
493 3592 658 3687 adjutorio
672 3615 746 3658 oum
759 3593 915 3658 Heraclio
929 3592 1131 3677 Imperatore
1144 3591 1330 3657 Jerusalem

59 3737 67 3744 ·
188 3723 356 3768 reversum
381 3713 441 3770 est.
483 3703 549 3769 Hic
569 3725 650 3770 vero
667 3704 807 3770 Romani
829 3705 957 3789 imperii
980 3720 1019 3767 en
1042 3712 1191 3788 tempore
1213 3700 1330 3766 mode·

187 3822 279 3880 rator
306 3813 500 3897 Heraclius,
530 3837 603 3880 cum
625 3825 703 3901 post
725 3814 913 3880 Chaldaeos
937 3815 1125 3897 Persasque
1157 3809 1330 3898 superatos

986 4192 990 4210 1

257 4242 280 4309 ¹)
298 4237 340 4294 iat
358 4239 437 4294 elram
454 4240 569 4316 χρίνους.

255 4336 278 4402 ²)
297 4338 349 4388 col.
369 4339 436 4390 11110
454 4339 486 4388 D.
521 4337 584 4390 Vid.
603 4354 673 4404 quae
691 4354 756 4390 mox
779 4354 816 4390 ex
840 4341 951 4389 auctore
979 4339 1039 4402 ipso
1062 4336 1097 4388 de
1116 4336 1329 4388 Monotheletioa

185 4430 294 4496 haeresi
312 4431 478 4498 allegantur,
497 4448 560 4499 pag.
581 4434 621 4485 72.

256 4525 279 4592 ¹)
297 4527 348 4578 eol.
369 4526 437 4578 1164
455 4541 531 4592 sequ.
