3225 5217
297 509 359 575 134

379 679 519 768 Insuper
540 689 650 745 autom
673 680 757 746 haec
777 679 858 745 mihi
877 679 1023 745 notanda
1044 681 1116 745 visa
1137 689 1229 745 sunt:
1304 688 1307 692 ’

379 791 509 876 Refert,
533 791 727 878 discipulum
749 792 840 856 illum
862 793 1002 857 alterum
1024 813 1097 857 eum
1110 790 1260 878 Cleopba
1276 781 1435 860 ab'Jeru-

294 907 396 990 salom
419 903 543 968 Emeus
574 911 742 988 petentem
761 904 801 986 1),
834 903 960 969 Lucam
985 905 1107 988 fuisse,
1140 906 1201 971 aed
1228 906 1338 971 addit:
1373 915 1450 992 „ut

294 1017 450 1084 dixerunt
470 1019 624 1100 mystae“
640 1011 677 1099 ²).
721 1015 885 1080 Memorat
910 1018 1046 1097 „vanas
1074 1017 1231 1083 haereses
1252 1039 1273 1083 a
1294 1019 1435 1102 quibus-

294 1128 369 1194 dam
392 1126 576 1194 hominibus
600 1134 705 1209 natas,
728 1129 785 1210 qui
807 1127 981 1192 carnaliter
1002 1128 1177 1193 audierunt
1198 1151 1283 1214 quae
1303 1130 1345 1195 de
1359 1131 1435 1195 Deo

294 1250 327 1306 et
356 1238 511 1326 paradiso
535 1238 685 1308 dicuntur
713 1241 747 1303 in
770 1237 913 1334 Genesi,
940 1239 1013 1305 aliis
1029 1241 1174 1324 'quidem
1203 1230 1434 1322 statuentibus,

293 1353 400 1420 Deum
422 1351 545 1418 habere
568 1352 708 1416 sormam
722 1353 881 1435 corporis,
903 1352 976 1416 aliis
998 1361 1109 1418 autem
1130 1357 1277 1438 serpenti
1299 1375 1434 1440 magnas

295 1465 473 1530 offerentes
495 1466 674 1550 gratiarum
701 1466 867 1545 actiones,
899 1472 1016 1549 utpote
1045 1464 1136 1549 qued
1164 1487 1226 1550 per
1251 1467 1322 1552 ejus
1351 1488 1431 1532 con-

293 1575 401 1642 silium
424 1583 457 1640 et
478 1575 600 1640 factam
622 1577 938 1660 praevaricationem
961 1597 1006 1641 ex
1026 1567 1163 1642 muliere
1181 1579 1225 1643 sit
1242 1586 1435 1663 generatum

293 1695 398 1752 totum
419 1707 523 1772 genus
545 1687 721 1751 humanum
735 1686 783 1771 ¹);
813 1686 1025 1771 quiquidem
1054 1692 1171 1754 merito
1194 1693 1292 1754 etiam
1313 1690 1434 1774 appel·
1512 1690 1515 1694 ’

295 1798 405 1863 lentur
427 1797 580 1884 Ophites.
624 1797 811 1881 Manichaei
831 1808 941 1864 autem
967 1800 1064 1864 simul
1086 1808 1121 1864 et
1140 1804 1204 1865 viri
1225 1810 1260 1866 ct
1281 1802 1434 1867 mulieres

293 1909 372 1974 nudi
401 1918 645 1996 congregantur
666 1911 700 1973 in
728 1911 797 1974 suis
828 1909 976 1976 ecelesiis
1004 1911 1048 1976 ad
1076 1903 1290 1980 imitationem
1311 1914 1434 1978 Adami

220 2027 222 2036 ’
294 2033 328 2090 et
357 2023 461 2089 Evae.
504 2023 574 2088 Alii
601 2030 713 2088 autem
741 2023 918 2108 increatam
948 2027 1033 2110 ignis
1062 2024 1240 2091 adorarunt
1271 2035 1433 2108 naturam,

293 2144 469 2221 propterea
486 2135 575 2220 quod
594 2135 684 2200 nulle
704 2134 866 2199 inferatur
887 2136 973 2222 ignis
993 2141 1116 2202 mentio
1137 2141 1171 2202 in
1193 2142 1348 2204 universa
1369 2145 1433 2205 sex

294 2249 420 2316 dierum
442 2251 618 2314 creatione.
652 2247 720 2310 Alii
736 2266 856 2330 aquam
874 2247 1045 2313 coluerunt
1065 2259 1221 2333 tanquam
1242 2231 1431 2333 idereatam,

292 2362 445 2443 quoniam
475 2379 540 2424 nou
569 2362 726 2444 scriptum
757 2367 825 2424 este
859 2359 933 2442 „Et
959 2360 1046 2424 dixit
1066 2361 1173 2426 Deus:
1205 2361 1284 2427 Fiat
1309 2364 1433 2448 aqua“.

290 2469 376 2553 Alii,
410 2491 455 2536 ex
485 2471 606 2555 quibus
637 2479 714 2535 sunt
735 2471 877 2553 Persae,
912 2493 985 2537 cnm
1012 2475 1180 2539 sororibus
1212 2484 1248 2540 et
1273 2475 1432 2540 matribus

292 2590 531 2649 contraxerunt
562 2583 823 2665 matrimonium,
863 2593 1041 2670 propterea
1074 2587 1164 2669 quod
1203 2590 1307 2652 nostri
1337 2589 1455 2672 primi

291 2702 447 2782 parentes
481 2695 757 2780 conjungerentur
789 2716 863 2759 cum
895 2698 964 2760 suis
995 2697 1155 2763 matribus
1188 2707 1223 2763 et
1254 2699 1431 2766 sororibus.

292 2805 377 2872 Sunt
400 2808 498 2871 etiam
520 2803 682 2889 quaedam
704 2806 877 2889 haereses,
899 2827 986 2890 quae
1007 2809 1116 2873 Deum
1137 2819 1311 2893 accusant,
1342 2811 1432 2895 quod

291 2939 356 2984 non
375 2917 591 3003 prohibuerit,
614 2937 656 2982 ne
671 2917 834 3003 malignus
845 2917 953 2982 Evam
973 2919 1147 2985 seduceret
1160 2941 1221 3006 per
1236 2931 1431 3007 serpentem.

290 3029 369 3098 Alia
384 3035 495 3094 autern
518 3049 632 3093 rursus
651 3028 798 3094 haeresia
814 3029 962 3095 decrevit
972 3029 1152 3112 bestiarum
1163 3053 1295 3116 quoque
1306 3037 1431 3100 animas

292 3161 366 3206 esse
388 3141 516 3205 ratione
543 3139 729 3225 praeditas,
763 3162 849 3225 quae
877 3151 1017 3226 possunt
1046 3146 1224 3208 orationem
1253 3145 1367 3210 audire
1398 3155 1432 3211 et

292 3251 466 3333 excolere,
497 3273 570 3316 cum
596 3251 755 3318 audiisset
776 3253 885 3318 Deum
911 3253 1160 3320 benedicentem
1181 3256 1370 3322 volucribus
1398 3264 1432 3321 et

286 3363 437 3450 piscibus
476 3371 530 3428 et⁰
544 3373 772 3428 exsecrantem
805 3374 1015 3450 serpentem,
1057 3376 1093 3432 et
1130 3367 1347 3434 adducentem
1387 3367 1430 3431 ad

289 3472 454 3538 Adamum
475 3474 602 3540 bestias
625 3483 659 3540 et
680 3476 833 3551 uolucres
856 3484 891 3542 et
908 3478 1073 3562 jumenta,
1094 3488 1133 3543 ut
1153 3480 1431 3564 sciat,oquidnam

292 3607 332 3650 eo
353 3587 520 3652 nominet“
533 3585 568 3671 ⁴).
601 3587 830 3672 Reprehendit
850 3589 1273 3676 scelestosManichaeos⁸)
1297 3612 1430 3657 eorum-

292 3794 396 3804 -ι-

361 3938 384 4006 ¹)
402 3940 470 3992 uua
489 3941 536 4007 24,
556 3943 597 3994 rs.
861 3927 866 3935 ’
909 3943 933 4010 ²)
952 3946 1004 3996 001.
1026 3946 1102 3996 rora.

360 4035 383 4102 ¹)
404 4037 548 4104 „Dieuut“
567 4041 639 4090 enim
657 4035 752 4104 „quod
769 4054 819 4103 per
836 4044 992 4105 serpentem
1017 4041 1096 4091 nobis
1124 4041 1241 4091 accessit
1258 4042 1353 4105 cibus3
1380 4056 1431 4106 per

290 4131 380 4181 cibum
398 4135 570 4196 recuperatio
587 4136 677 4197 visus3
709 4149 759 4199 per
777 4149 837 4185 eam
856 4133 954 4185 deinde
979 4138 1103 4201 nuptiae,
1131 4150 1181 4201 per
1203 4140 1315 4200 nuptias
1338 4141 1430 4188 autem

289 4225 421 4290 mundus;
439 4231 552 4292 propter
569 4227 685 4278 hominis
704 4233 795 4280 autem
814 4233 968 4296 peccatum,
984 4229 1059 4281 Deus
1077 4230 1159 4282 homo
1172 4231 1262 4282 factus
1281 4236 1332 4282 est.
1358 4233 1430 4284 Hine

290 4319 427 4370 coelorum
446 4334 559 4386 regnum
574 4327 606 4373 et
630 4323 702 4373 bona
726 4328 852 4391 aeterna,
882 4340 996 4389 quorum
1025 4329 1121 4376 auctor
1145 4331 1173 4376 et
1196 4327 1355 4377 conciliator
1377 4327 1430 4377 fuit

289 4414 368 4464 nobis
387 4413 526 4479 serpene“.
563 4416 715 4483 (col.1021
737 4415 780 4484 O.)
846 4455 850 4466 ,

360 4507 382 4573 ⁴)
402 4509 455 4559 col.
474 4510 532 4562 963.
897 4513 919 4580 Ι)
938 4515 989 4564 eol.
1009 4513 1061 4566 982
1077 4513 1110 4564 B.
