3225 5217
305 510 347 573 38

303 680 408 744 simile
431 682 558 747 censeri
578 686 700 765 potest
736 678 891 746 Sectmdo
912 682 1165 767 respondemus:
1186 681 1223 748 Si
1246 684 1444 769 exemplum,

196 842 198 845 .
304 790 393 873 quod
424 792 519 856 nobis
551 791 592 855 de
616 790 748 857 Christo
776 792 936 878 objicitis,
968 793 1060 857 aliud
1087 794 1246 877 quiddam
1273 798 1380 877 e'sset,
1410 804 1445 860 et

302 902 393 965 aliud
416 901 505 985 quod
527 905 561 965 in
583 902 728 967 adventu
750 903 794 967 ad
815 926 876 967 nos
898 918 960 969 suo
982 903 1135 969 Christus
1157 908 1351 990 assumpsit,
1381 928 1445 991 po.-

302 1015 449 1077 tuissetis
466 1014 609 1078 fortasse
619 1014 743 1097 aliquid
755 1015 809 1079 hic
820 1015 936 1095 affere,
958 1014 1048 1099 quod
1063 1038 1084 1081 a
1094 1020 1221 1081 ratione
1231 1039 1297 1081 nou
1310 1038 1445 1101 prorsus

302 1125 443 1189 alientun
475 1125 573 1189 foret.
625 1124 672 1189 At
704 1147 785 1190 vero
818 1147 892 1190 cum
923 1125 1077 1192 Christus
1108 1131 1217 1213 ipsum
1248 1129 1444 1213 exemplum,

303 1257 423 1321 nempe
449 1236 622 1300 humanam
649 1244 817 1320 naturam,
850 1238 915 1303 hoc
944 1247 996 1303 est
1016 1239 1099 1304 duas
1128 1247 1260 1304 nostras
1287 1240 1444 1325 partiales

300 1356 452 1431 naturas,
474 1356 511 1413 ut
533 1346 660 1430 dicitis,
684 1349 747 1413 sibi
769 1350 979 1434 hypostatice
1001 1354 1153 1432 univerit,
1175 1352 1226 1432 fit,
1250 1360 1286 1415 ut
1308 1351 1390 1415 duas
1411 1354 1445 1414 in

303 1458 436 1524 Christo
464 1469 599 1524 naturas
629 1462 798 1542 statuatis,
833 1483 931 1525 unam
962 1462 1096 1545 quidem
1128 1464 1311 1547 perfectam
1343 1462 1446 1525 divini

303 1570 422 1653 Verbi,
455 1571 537 1635 alias
559 1592 639 1635 vero
664 1569 867 1654 dimidiatas,
902 1576 1029 1638 animae
1062 1576 1211 1637 nimirum
1243 1583 1378 1639 nostrae
1412 1581 1446 1636 ct

301 1685 461 1767 corporis.
495 1682 580 1746 Aliis
603 1686 702 1747 etiam
723 1682 830 1748 modis
853 1684 988 1749 difficile
1006 1707 1072 1749 non
1083 1686 1184 1750 fuerit
1195 1684 1443 1770 deprehendere

302 1788 596 1859 dissimilitudinem
628 1795 773 1879 exempli
803 1816 848 1859 ex
879 1796 1019 1860 hominis
1042 1799 1278 1881 compositione
1300 1795 1443 1859 adducti.

300 1905 386 1970 Nam
409 1905 506 1969 homo
531 1913 660 1971 constat
684 1926 727 1970 ex
749 1906 878 1971 duabus
899 1907 1000 1972 rebus
1021 1911 1159 1989 creatis,
1182 1928 1228 1971 ex
1249 1910 1367 1988 anima,
1388 1909 1441 1969 in·

301 2037 400 2100 quem
424 1998 630 2100 et'corpore,
652 2025 688 2081 at
698 2003 850 2082 Christus
873 2040 918 2082 ex
936 2020 1083 2083 increata
1094 2019 1266 2083 divinitate
1282 2026 1442 2098 etcreata

301 2129 578 2193 humanitate...
610 2128 657 2193 Et
678 2129 743 2194 alia
765 2132 935 2195 innumera
955 2131 989 2195 id
1016 2152 1121 2215 genus
1150 2132 1297 2215 reperies
1325 2132 1361 2193 in
1388 2129 1443 2192 di-

300 2241 454 2323 vinitate,
490 2262 576 2323 quae
603 2262 714 2325 neque
743 2244 870 2307 animae
898 2264 1009 2326 neque
1034 2245 1165 2327 corpori
1187 2250 1382 2327 competant

300 2351 419 2435 Itaque
432 2352 619 2436 exemplum
629 2353 818 2417 hominisde
827 2353 960 2418 Christo
969 2356 1073 2437 accipi
1081 2354 1191 2435 debet,
1200 2360 1236 2417 ut
1245 2354 1443 2437 exemplum,

299 2484 365 2529 uon
389 2472 426 2527 ut
447 2464 658 2547 aequalitatis
680 2469 924 2549 argumentem“
946 2466 978 2548 ¹).

387 2574 483 2637 Haec
510 2578 623 2657 itaque
645 2574 843 2641 Anastasius
870 2585 984 2641 noster
1005 2576 1047 2641 de
1071 2576 1226 2661 exemplo
1250 2596 1295 2641 ex
1316 2578 1443 2641 consti-

299 2688 429 2751 tutione
457 2666 595 2751 hominis
623 2689 737 2771 petito.
781 2686 873 2751 Inter
900 2687 966 2752 alia
992 2709 1074 2752 vero
1101 2695 1295 2774 argumenta
1322 2688 1443 2771 quihus

301 2805 416 2861 auctor
434 2797 619 2862 haereticos
642 2801 817 2879 convincit,
839 2802 968 2885 insigne
990 2808 1043 2865 est
1063 2802 1287 2865 testimonium
1302 2800 1346 2865 de
1362 2819 1444 2887 vera

302 2916 336 2975 et
353 2909 437 2973 reali
447 2914 636 2995 praesentia
648 2914 795 2995 corporis
807 2911 984 2976 Dominiin
994 2915 1202 2977 sanctissimo
1212 2911 1442 2976 Eucharistiae

300 3019 559 3106 Sacrament02).
603 3023 700 3102 Quod
724 3023 777 3086 hic
799 3028 1046 3109 praetermitto,
1079 3046 1152 3087 cum
1174 3024 1217 3088 de
1241 3044 1282 3088 eo
1309 3024 1442 3108 proprie

300 3133 344 3197 sit
364 3132 553 3215 dicendum,
586 3155 685 3217 quum
708 3134 788 3219 quid
809 3135 1006 3201 Anastasius
1027 3143 1140 3201 noster
1162 3136 1206 3201 de
1227 3135 1441 3203 Sacramenta

299 3242 528 3321 Eucharistiae
541 3250 691 3328 senserit,
713 3246 881 3311 disseram.
910 3247 1008 3311 Nune
1019 3268 1100 3311 vero
1111 3255 1289 3331 postquam
1300 3246 1441 3309 vidimus

224 3438 226 3440 ι
300 3376 375 3419 eum
397 3356 581 3421 haereticos
605 3361 738 3443 egregie
761 3358 1026 3439 confundentem,
1048 3357 1179 3441 qualem
1194 3360 1267 3442 ipse
1282 3356 1326 3421 ds
1341 3378 1440 3421 sano·

299 3468 425 3531 tissime
448 3466 684 3533 Inccrnationis
706 3472 865 3552 mysterio
887 3470 986 3535 fidem
1008 3470 1170 3551 habuerit,
1192 3471 1288 3552 quasi
1297 3466 1440 3551 quodam

299 3577 495 3663 compendio
519 3588 740 3663 exponentem
762 3580 944 3646 audiemus.
987 3580 1046 3645 Ait
1066 3578 1225 3667 igitrrr³)z
1345 3623 1349 3631 ι
1413 3604 1425 3617 ·

209 3667 211 3676 ,
389 3688 578 3767 „Confiteor
590 3689 714 3755 Christi
736 3694 978 3778 integerrimam
1001 3677 1235 3757 humanitatem
1257 3694 1384 3760 animae
1405 3697 1441 3757 et

299 3804 446 3886 corporis
481 3805 528 3867 ita
561 3802 741 3868 secundum
778 3804 975 3889 hypostasin
1011 3805 1240 3869 immaculatae
1277 3804 1440 3868 divim'tati

301 3914 372 3998 ejus
393 3916 516 3978 unitam
540 3936 627 3996 esse,
651 3917 737 3979 sicut
757 3923 830 3979 tota
850 3920 963 3981 arrium
978 3920 1040 3979 toti
1062 3921 1175 3979 nostro
1198 3918 1327 4000 corpori
1350 3918 1440 3979 unita

299 4033 358 4089 est
403 4024 448 4088 Et
470 4026 744 4109 quemadmodum
766 4027 832 4109 ille,
855 4030 912 4110 qui
934 4036 971 4091 ut
992 4028 1099 4113 figura
1120 4027 1258 4093 Christi
1272 4030 1306 4090 in
1327 4029 1438 4111 specie

1098 4244 1437 4253 --.-.—--..——

368 4398 392 4469 ¹)
410 4404 469 4455 eod.
490 4420 549 4469 cap.
571 4407 610 4455 18.
629 4406 681 4455 col.
701 4406 750 4457 266
769 4410 797 4455 et
814 4407 873 4457 267.
1084 4407 1107 4473 Ι)
1125 4422 1186 4473 cap.
1205 4410 1247 4459 23.

368 4498 390 4564 ³)
409 4514 468 4565 cap.
488 4500 529 4549 21.
543 4499 599 4565 col.
620 4501 677 4551 282.
707 4488 717 4510 ⁸
