3225 5217
1237 554 1300 620 175

162 720 370 817 κεράιωντοὺ
382 725 521 820 θηρίου,
544 724 627 819 ὅπερ
638 724 727 794 ἐστὶν
739 729 799 794 τοὺ
815 721 1034 814 ἀντιχρίστου.
1070 725 1139 794 Καί
1153 723 1305 814 ἐντρίψει

162 837 218 904 ναί
241 829 413 929 ἐκριζῶσει
435 839 556 929 κέρατα
577 838 655 929 τρία
675 841 741 908 τῶν
762 835 953 930 ἔμπροσθεν
968 834 1083 919 αὑτοῦ,
1103 832 1190 906 τοῦτ’
1207 837 1303 915 ἔστιν,

161 956 248 1039 τρεῖς
280 953 426 1033 βασιλεῖς
459 946 582 1018 ἀνελεῖ·
619 941 810 1037 Αἰγύπτου,
850 945 988 1048 Λιβὺων
1020 951 1078 1016 καί
1111 939 1302 1018 Αἰθιόπων.

155 1054 315 1150 ’Ἀρχεται
340 1058 457 1131 λοιπὺν
480 1064 689 1152 φισιοὺοθαι
711 1053 778 1130 ὑπὸ
798 1063 857 1130 τοὺ
878 1060 914 1128 ἐν
935 1056 1027 1149 αὑτῶ
1049 1057 1226 1149 ἀλλοτρίου
1247 1060 1304 1127 καί

163 1175 310 1262 πυνρροιῖ
337 1164 541 1257 πνεύματος,
575 1173 632 1242 ιιαί
665 1164 807 1255 πόλεμον
840 1171 959 1263 ἐγείρει
988 1169 1072 1242 κατά
1099 1177 1164 1240 τῶν
1192 1167 1304 1262 δγίων,

157 1287 333 1368 πανταχοῦ
354 1281 485 1353 διώκων
507 1279 636 1363 αὑτοὺς,
657 1279 857 1368 βουλόμενος
873 1280 940 1352 ὑπὸ
955 1279 1087 1354 πάντων
1097 1274 1306 1368 δοξάζεσθαι

163 1395 219 1462 ναὶ
251 1403 512 1484 προσκυνεῖσθαι
542 1389 588 1473 ῶς
615 1393 712 1476 θεὸς,
746 1397 802 1464 ναὶ
839 1391 951 1466 πολλὰ
980 1389 1111 1485 λαλήσει
1137 1389 1221 1463 νατά
1246 1398 1306 1464 τοῦ

163 1503 319 1596 ὑψίστου.
364 1508 434 1576 Καὶ
457 1504 541 1592 μετά
563 1505 601 1576 τδ
623 1499 790 1591 ὑποτάξαι
819 1501 918 1576 αὑτὸν
943 1505 1020 1587 τοὺς
1047 1503 1131 1574 ἑπτά
1159 1509 1306 1590 βασιλεῖς

161 1620 217 1708 τῆς
236 1613 396 1700 Ἰουδαίας
417 1620 448 1690 οῖ
473 1620 540 1689 υἱοί
561 1614 666 1704 Ἐδιὺμ
689 1620 744 1687 καί
768 1619 800 1688 οἱ
824 1619 891 1688 ιιίοῖ
915 1614 1019 1701 Μοάβ
1040 1619 1096 1685 καί
1119 1611 1203 1705 ἀρχῆ
1224 1617 1307 1686 υίῶν

162 1724 299 1814 Ἀμμῶν
322 1724 466 1822 ἀρχῆθεν
489 1731 699 1820 συναίρουσιν
722 1725 824 1817 αὑτῶ.
863 1731 932 1798 Καί
957 1725 1016 1798 διά
1036 1724 1074 1798 τὺ
1095 1723 1181 1796 εἶναι
1205 1722 1305 1797 αὑτὸν

162 1839 199 1907 εἰι
219 1845 276 1912 τοὺ
297 1842 407 1932 γε’νονς
435 1837 559 1924 αὑτῶν,
595 1835 725 1918 τούτοις
756 1845 887 1934 πρῶτον
915 1839 1130 1924 ἀναδειχθεὶς
1161 1841 1216 1907 καί
1249 1833 1305 1907 ὑπ’

164 1948 271 2022 αὑτῶν
292 1950 444 2037 βασιλεὺς
473 1956 712 2038 κατασταθείς,
742 1944 924 2046 παρατάξει
952 1949 1099 2037 πόλεμον
1127 1949 1210 2020 ιιστά
1240 1955 1307 2020 τῶν
1334 2027 1336 2031 .

162 2067 262 2155 τριῶν
289 2056 456 2154 κεράτων·
493 2062 623 2154 Λιβύης
652 2068 708 2134 καὶ
737 2065 910 2154 Αἰγύπτου
938 2065 994 2134 ναί
1020 2060 1215 2144 Αίθιδπων,
1248 2062 1306 2128 καί

162 2176 291 2265 τρέψας
313 2171 432 2255 αὑτοὺς
453 2171 525 2268 ἀρεῖ
547 2172 605 2245 ἀπ’
627 2174 737 2246 αὐτῶν
757 2172 800 2246 τά
823 2179 928 2247 σκῦλα
950 2178 1005 2243 καί
1024 2172 1067 2245 τά
1082 2168 1226 2265 λαίμυρα,
1249 2174 1307 2240 καὶ

164 2283 335 2378 ἕκριζῶσει
366 2283 501 2370 αὑτοὺς,
535 2289 591 2356 καί
624 2284 848 2378 ὑποταγέντων
875 2283 967 2375 αὑτῶ
994 2288 1052 2355 καὶ
1080 2290 1148 2356 τῶν
1177 2269 1308 2354 λοιπῶν

164 2393 249 2469 {md
273 2390 435 2490 ιιεράτων,
462 2392 535 2472 τότε
564 2395 701 2490 ἀρχεται
727 2395 902 2489 ὑψοῦσθαι
931 2395 1018 2470 κατά
1035 2402 1092 2469 τοὺ
1114 2401 1212 2468 Θεοῦ.
1261 2391 1309 2466 Τὺ

167 2509 203 2577 δὲ
226 2502 359 2601 ὅρμημα
383 2507 482 2582 αὑτοῦ
502 2515 635 2601 πρῶτον
658 2509 753 2582 ἔσται
774 2510 833 2580 ε’πί
861 2502 968 2602 Τὺρον
995 2511 1058 2579 καί,
1075 2508 1222 2602 Βηρυτὸν
1247 2510 1304 2577 καὶ

164 2618 224 2698 τάς
246 2622 344 2711 πέριξ
365 2616 486 2714 χώρας.
526 2621 572 2695 Τὺ
595 2625 632 2694 δὲ
654 2619 758 2711 δ’νομα
781 2619 881 2694 αὑτοῦ
902 2623 1058 2712 σημαίνει
1079 2617 1311 2714 ψηφιζίμενον

167 2730 243 2816 λξέ
256 2735 296 2821 ¹),
319 2728 365 2811 ῶς
387 2737 509 2804 εἰπεῖν·
543 2745 762 2813 Λατεῖνος.
804 2737 874 2804 Καὶ
892 2727 1081 2820 ἐπισυνάξει
1100 2729 1182 2802 λαδν
1197 2730 1309 2816 πολὺν,

169 2842 270 2933 λέγων
300 2842 557 2936 ἀνοικοδομῆσαι
586 2837 645 2938 τῆν’
664 2843 881 2940 Ἰερουσαλήμ.
928 2848 999 2914 Καὶ
1027 2837 1162 2935 ποιήσει
1190 2844 1310 2935 τέρατα

169 2951 226 3024 διά
237 2956 430 3045 φαντασιῶν
452 2948 573 3034 πολλοὶ,
594 2951 652 3018 ιιαῖ
674 2942 833 3039 πλανὴσει
857 2944 937 3018 λαδν
957 2946 1064 3018 πολὺν
1086 2949 1143 3017 καὶ
1164 2942 1308 3016 πιστεὺ-

169 3090 280 3136 σουοιν
301 3059 402 3151 αὑτῶ.
448 3071 475 3132 Γ
471 3066 601 3132 εννάται
626 3062 662 3131 δὲ
684 3061 732 3138 εἷς
756 3062 921 3150 Χορσζίν,
951 3055 1172 3152 ἀνατρέφεται
1194 3059 1232 3128 δὲ
1260 3059 1311 3139 είς

170 3176 351 3268 Βηθσαιδὰ
373 3176 430 3246 καί
452 3166 619 3259 βασιλτὺει
641 3173 694 3254 είς-
714 3167 949 3264 Καπερναοὺμ.

255 3295 289 3376 4)
311 3292 464 3375 Denique
483 3290 620 3374 quaestio
632 3289 685 3352 92.
703 3295 732 3354 τι
751 3309 789 3356 σα
810 3289 934 3373 quidem
955 3288 1046 3370 hujus
1068 3286 1182 3351 σοδῖοῖι
1202 3285 1312 3349 ultima

170 3404 254 3468 haec
287 3410 352 3468 est:
388 3395 501 3483 πΠότε
532 3401 636 3468 ταῦτα
666 3398 723 3466 καί
752 3398 842 3485 ποίῳ
873 3400 981 3488 καιρῶ
1008 3395 1190 3486 γέγραπται
1212 3389 1233 3484 ἡ
1252 3397 1311 3464 τοῦ

172 3507 382 3603 ἀντιχρίστου
403 3510 612 3603 παρουσία,·“

513 3755 515 3760 -
612 3699 870 3800 Ἀπόκρισις.
938 3739 940 3745 ·

249 3842 357 3918 -Μετά
377 3843 426 3917 τὺ·
439 3849 662 3937 πληρωθῆναι
682 3841 741 3935 τήν
762 3842 970 3937 προφητείαν
998 3837 1056 3932 τήν
1083 3847 1141 3913 τοῦ
1160 3837 1314 3936 Ἱερεμίου

171 3956 229 4048 τῆν
260 3955 326 4030 ὑπὸ
348 3962 407 4028 τοῦ
428 3953 858 4050 Λανιηῗλῖλγνωρισθεῖσαν
886 3958 936 4043 τῶ
965 3957 1038 4042 λαῶ
1064 3954 1099 4022 ἕν
1126 3956 1315 4039 Βαβυλῶνι,-

173 4071 230 4142 καῖ
261 4066 318 4140 τὺν
344 4064 490 4162 ἀριθμῶν
516 4072 582 4138 τῶν
607 4068 693 4138 ἑπτιὶ
721 4064 918 4154 ἑβδομάδων
946 4064 1005 4136 οὑν
1018 4067 1045 4154 ⁶)
1076 4069 1135 4136 τοῦ
1166 4067 1314 4136 εἰκοστοῦ

174 4290 832 4300 ——n-o-—o-——w--m—m—

244 4451 268 4519 ¹)
285 4451 371 4518 Apoe.
392 4453 437 4518 13,
456 4452 481 4502 8.
793 4450 816 4516 ²)
834 4451 903 4502 Dan.
922 4451 952 4515 9,
971 4451 1005 4502 24
1023 4463 1113 4516 seqq..

244 4546 266 4616 ⁸)
285 4547 403 4600 sortasse
420 4561 470 4614 pro
488 4542 524 4598 ἐν.
969 4537 977 4556 '
