3225 5217
1265 485 1372 586 ω’

168 703 281 760 ecuset
298 692 331 778 ¹).
375 692 517 774 ,Potuit
538 694 643 774 enim,
672 694 796 775 inquit,
826 699 941 758 auctor
971 695 1043 776 ipse
1073 713 1111 758 se
1138 695 1308 777 explicare

48 804 64 819 ’
167 827 275 889 neque
296 824 379 890 opus
400 806 482 887 fuit,
511 814 549 870 ut
578 804 704 872 scholia
732 808 766 868 in
787 813 883 870 suum
904 807 1010 890 ipsius
1032 825 1122 890 opus
1137 806 1307 870 adderet“

74 1001 78 1008 ι
167 918 215 984 At
235 927 326 984 certe
345 918 557 983 Anastasium
587 920 694 1002 ipsum
728 917 853 982 scholia
877 917 1020 1002 adjicere
1042 919 1192 1002 potuisse
1210 938 1308 983 nemo

168 1031 302 1116 negabit
321 1031 464 1114 ideoque
486 1033 571 1096 ratio
594 1050 691 1112 quam
713 1030 811 1094 affert
833 1027 1016 1111 ceillerius,
1039 1030 1117 1095 mihi
1140 1052 1204 1094 non
1226 1051 1308 1115 pro-

168 1144 273 1208 tetur.
321 1142 407 1206 Nam
440 1149 475 1205 et
506 1150 641 1207 nostroe
671 1145 792 1206 aetatis
830 1143 1008 1225 scriptores
1048 1141 1203 1224 operibus
1239 1144 1311 1206 suis

168 1254 327 1338 quasdam
354 1257 419 1338 ipsi
438 1253 584 1338 adjicere
610 1253 719 1318 solent
747 1255 993 1332 annotationes,
1022 1271 1107 1334 quee
1135 1255 1165 1316 si
1189 1273 1309 1316 nomen

168 1370 364 1448 mutaveris,
386 1365 512 1430 scholia
533 1373 638 1430 erunt
668 1364 879 1430 Anmmstum
901 1383 982 1430 vero
1003 1367 1109 1448 ipsum
1133 1367 1225 1449 operi
1247 1381 1307 1428 suo

167 1487 204 1542 ut
225 1478 351 1560 scholia
371 1477 540 1542 eddidiese
561 1477 710 1557 credam,
733 1477 907 1543 confirmor
928 1478 1028 1540 etiam
1050 1495 1092 1540 ex
1115 1474 1308 1542 delinitione

170 1587 405 1674 etymologica,
428 1606 527 1671 quam
548 1591 620 1672 ipae
642 1587 782 1672 praebet
804 1587 846 1652 de
869 1587 993 1654 scholio
1014 1589 1049 1650 in
1071 1607 1142 1672 cop.
1165 1587 1228 1668 IL,
1250 1588 1310 1652 ubi

168 1701 210 1766 de
232 1701 435 1786 etymologia
458 1699 611 1783 loquitur.
654 1700 746 1766 Dicit
768 1700 853 1763 enim
868 1696 911 1782 ²):
945 1691 1076 1778 exilior
1097 1691 1227 1784 ἄρηται
1250 1692 1308 1764 διὰ

167 1805 205 1878 τό
229 1804 312 1878 κατὰ
332 1804 449 1896 σχολὴν
470 1807 737 1897 παρατίθεσθαι
750 1802 838 1896 πρὸς
858 1807 1022 1896 esuriem
1050 1807 1222 1896 ὶρμηνὲίαν
1243 1811 1309 1876 eois

168 1917 353 2008 ovororjzov
366 1911 540 2006 νοημάτων
561 1921 617 1988 καὶ
640 1910 807 2007 ῥημάτων.
838 1921 990 1986 Advorte
1011 1941 1086 1988 eum
1108 1943 1173 1988 non
1186 1921 1308 2006 dicere,

167 2058 189 2101 a
210 2055 277 2119 quo
298 2033 423 2100 seholie
452 2032 631 2114 addantur,
660 2051 770 2116 neque
798 2042 965 2100 auctorem
988 2036 1093 2119 ipsum
1117 2034 1307 2116 excludere,

167 2149 266 2210 immo
286 2148 320 2210 in
342 2153 511 2211 auctorem
532 2163 598 2210 non
619 2148 726 2210 minus
737 2165 835 2228 quam
854 2147 887 2208 in
900 2145 1000 2210 elium
1021 2146 1103 2210 haee
1122 2147 1192 2232 ejus
1205 2147 1307 2212 verbe

168 2258 339 2342 quadrant
382 2256 502 2340 Itaque
523 2259 622 2322 etiam
642 2257 769 2322 scholia
790 2266 825 2322 et
847 2277 887 2322 eo
910 2257 1041 2340 quidem
1064 2261 1176 2322 omnia-
1192 2257 1306 2322 Anas-

166 2373 250 2435 tasio
281 2389 356 2434 meo
381 2369 561 2434 attribuere
588 2370 720 2435 minime
748 2367 983 2451 dubitaverim,
1021 2377 1164 2454 excepte
1189 2370 1306 2434 forsan

166 2480 223 2544 illo
238 2480 322 2561 solo,
344 2478 434 2562 quod
452 2482 560 2564 capite
572 2480 622 2544 21.
641 2479 842 2544 confessioni
855 2477 935 2544 fidei
956 2484 1101 2546 auctoris
1123 2481 1255 2546 additur
1265 2480 1306 2566 ⁸)2

165 2579 272 2676 Δόξης
303 2583 470 2678 διαφορὰν
498 2581 592 2671 iuer,
621 2579 832 2677 oooioeue,
865 2594 893 2656 si
925 2611 1043 2676 nempe
1065 2595 1187 2660 veritas
1210 2595 1254 2658 sit
1273 2595 1309 2658 in
1371 2621 1374 2626 ·

163 2711 260 2772 texta
282 2703 372 2768 edito
394 2724 505 2787 neque
526 2706 638 2788 potius
660 2703 835 2788 legendum
855 2694 950 2770 εἶπον
971 2703 1027 2768 vel
1054 2694 1135 2770 eluro
1162 2706 1196 2769 in
1223 2726 1304 2790 per-

162 2835 242 2880 sona
262 2819 376 2900 prima.
420 2814 540 2899 Itaque
561 2815 753 2884 mechela
774 2815 907 2899 quidem
938 2816 985 2881 alr
1013 2816 1078 2881 elio
1108 2816 1307 2902 interpolata

162 2947 238 2994 esse
259 2948 398 3009 censeo,
419 2927 539 2994 nedum
561 2935 669 2994 totum
689 2947 773 3011 opus
795 2949 817 2991 u
837 2930 1023 3011 posteriore
1045 2928 1186 3012 quadam
1208 2950 1306 2994 muuu

160 3038 248 3104 haud
254 3038 377 3103 leviter
385 3038 618 3124 interpolatum
630 3059 705 3104 esse
717 3037 832 3104 Caveo
843 3038 1023 3104 clarissimo
1032 3038 1058 3123 ⁴)
1072 3043 1306 3110 concesserim.

249 3149 348 3229 Quod
368 3158 479 3217 eutem
502 3148 701 3233 „Expositio
722 3148 821 3214 fider
846 3149 935 3236 (esp.
944 3149 985 3236 1.)
1007 3153 1041 3215 in
1063 3152 1226 3216 nonnullis
1248 3173 1308 3217 oo-

163 3260 292 3326 dicibus
316 3260 412 3326 deest
426 3259 461 3341 ⁶),
484 3263 518 3325 in
540 3260 714 3343 aliisvero,
737 3261 1013 3344 quemadmodum
1036 3265 1133 3328 etiam
1156 3264 1307 3345 „Defini-

162 3373 314 3455 tionee“,
347 3370 382 3438 S.
411 3371 534 3438 «loanni
558 3372 767 3438 Damascene
798 3372 987 3438 attribuitur
1000 3370 1044 3458 ⁰),
1077 3382 1312 3460 argumentum

163 3600 472 3610 Ἥ...-

233 3761 255 3828 ¹)
274 3763 394 3814 Histoire
413 3762 590 3835 desAuteurs
608 3761 706 3814 Sacris
726 3768 754 3814 et
770 3761 1013 3829 Ecclesiastiqure,
1031 3778 1081 3829 par
1098 3761 1124 3814 le
1142 3761 1173 3813 R.
1191 3760 1221 3813 P.
1235 3761 1305 3813 Dom

161 3856 240 3906 Remi
257 3855 384 3923 ceillier,
403 3863 468 3908 turn.
488 3858 529 3909 17.
555 3857 618 3909 Per.
637 3857 707 3909 1150
722 3873 750 3923 p.
769 3857 828 3909 432.

232 3949 255 4016 ¹)
274 3951 325 4002 eol.
345 3952 379 4003 85
396 3951 427 4002 B.

232 4044 257 4111 ⁸)
275 4046 327 4096 eol.
347 4047 397 4098 281
416 4045 446 4097 O.
481 4046 561 4098 Hane
578 4046 643 4099 fidei
661 4048 861 4100 consessionem
878 4047 965 4100 habes
983 4062 1067 4112 supra
1085 4062 1147 4113 pag.
1166 4048 1199 4098 38
1218 4051 1245 4098 et
1262 4050 1305 4100 39.

234 4139 258 4204 ⁴)
277 4138 351 4191 Geve
369 4156 396 4206 p.
415 4141 475 4192 elo.

234 4232 256 4299 ⁸)
275 4238 307 4283 ut
330 4237 358 4284 ln
382 4237 459 4300 regio
482 4233 600 4300 quodem
616 4235 768 4288 Parisicnei
790 4240 819 4286 et
836 4235 993 4288 Colbertlno
1015 4239 1044 4286 et
1066 4237 1093 4285 in
1117 4235 1177 4288 eod.
1196 4233 1305 4290 Caesar.

163 4326 281 4378 vindob.
301 4327 367 4395 (vid.
387 4326 513 4395 ceillier,
531 4329 548 4379 l.
569 4345 592 4379 e.
611 4345 637 4395 p.
656 4330 729 4396 431).

234 4420 338 4487 ⁸)vie
362 4425 487 4474 notitiam
514 4439 550 4474 ex
572 4423 717 4490 Fabricio,
743 4425 794 4476 col.
816 4425 848 4476 lo
866 4421 891 4476 «lt
911 4425 951 4475 11.
979 4423 1051 4477 Edit.
1069 4425 1155 4492 Mlgn.
1178 4429 1243 4476 tom.
1263 4425 1305 4477 89.

163 4515 266 4568 Patrol.
285 4515 331 4568 Gr.
