3225 5217
290 501 352 568 148

285 677 447 740 minentur
479 694 582 758 seque
613 683 854 759 persequamur
867 673 907 757 ¹),
940 682 974 738 et
998 670 1032 736 id
1060 672 1193 757 quidem
1218 673 1288 758 jam
1315 671 1426 736 multis

284 789 393 868 annis,
426 785 486 850 sed
518 786 725 850 nihilominus
757 807 795 852 se
828 786 936 850 Deum
968 807 1035 850 non
1066 805 1206 871 negare,
1239 792 1277 848 ut
1304 783 1425 848 Judaei

284 896 448 980 quondam
469 898 609 963 fecerint
617 896 653 982 ²).
696 897 752 962 Ex
779 898 898 982 quibus
927 896 1044 983 conjici
1072 894 1167 978 licet,
1195 905 1364 961 auctorem
1391 897 1425 956 in

283 1009 628 1075 Mohammedanorum
650 1010 770 1075 finibus
793 1009 933 1093 degisse.
969 1008 1126 1086 Quisnam
1141 1029 1221 1072 vero
1239 1000 1355 1070 auctor
1370 1007 1423 1085 sit,

205 1121 209 1126 '
281 1121 359 1185 mihi
382 1123 541 1186 incertum
562 1122 764 1205 relinquitur.
810 1121 940 1184 Titulus
959 1119 1102 1203 ,quidem
1130 1119 1246 1182 barum
1273 1117 1425 1202 disputa*

283 1235 406 1295 tionum
435 1233 537 1297 babet
566 1234 799 1315 „Anastasium
822 1232 1020 1297 Abbatem.“
1064 1230 1112 1294 At
1140 1232 1228 1294 hunc
1256 1252 1322 1294 non
1350 1248 1424 1292 esse

281 1343 493 1408 Anastasium
527 1345 616 1408 illum
654 1345 807 1409 abbatem
844 1346 1033 1407 monasterii
1062 1345 1168 1406 sancti
1193 1340 1365 1425 Euthymii
1390 1343 1425 1403 in

280 1454 486 1536 Palaestina,
509 1475 605 1538 quem
628 1477 704 1540 pag.
727 1457 756 1520 3.
778 1455 940 1540 allegavi,
970 1477 1014 1519 ex
1035 1457 1093 1536 iis,
1117 1474 1203 1537 quae
1224 1451 1320 1517 modo
1343 1453 1423 1536 dixi,

281 1575 429 1650 apparet
472 1566 624 1650 Denique
649 1567 795 1652 ejusdem
818 1569 961 1631 auctoris
984 1586 1058 1629 cum
1079 1565 1131 1629 bis
1153 1565 1257 1629 tribus
1274 1563 1422 1648 disputa·

279 1677 422 1742 tionibus
458 1699 531 1743 esse
567 1677 719 1742 videntur
755 1678 913 1763 opuscula
949 1677 1014 1740 duo
1049 1697 1134 1761 quse
1169 1677 1423 1760 subsequuntur,

280 1809 398 1874 nempe
420 1789 602 1874 „Dialogus
624 1810 745 1873 parvus
768 1788 811 1854 sd
833 1787 1003 1853 Judae0s“
1027 1796 1061 1854 et
1081 1787 1322 1874 „interrogatio
1338 1787 1422 1852 ulia“

280 1899 357 1984 (col.
383 1901 464 1964 1271
496 1900 596 1983 seq),
627 1921 712 1984 quae
742 1921 892 1985 magnam
919 1909 1047 1985 partem
1077 1920 1121 1964 ex
1148 1899 1423 1984 disputationibus

282 2020 440 2097 excerpta
461 2021 521 2076 est.
565 2010 686 2076 Narrat
707 2021 817 2076 autem
835 2020 949 2076 auctor
964 2015 998 2076 in
1012 2011 1298 2096 disputationibus,
1319 2010 1423 2074 Nico-

224 2137 229 2150 ‘
280 2121 409 2187 demum
443 2131 477 2189 et
508 2121 746 2220 Nathanaelqm
779 2132 814 2188 et
846 2123 1029 2208 Josephum
1067 2124 1111 2188 ab
1143 2121 1356 2186 Arimathaea
1388 2130 1422 2186 et

276 2225 381 2298 Bizen
403 2242 437 2298 et
457 2233 686 2299 Alexandrum
709 2256 781 2300 cum
805 2234 938 2300 Christo
962 2235 1066 2301 fuisse
1088 2236 1121 2298 in
1142 2237 1264 2318 nuptiis
1280 2231 1422 2312 Simonis

281 2343 431 2428 Galilaei,
451 2347 507 2409 ubi
526 2346 677 2412 Christus
695 2367 815 2430 aquam
833 2349 867 2410 in
884 2349 995 2410 vinum
1011 2348 1231 2412 convertisset
1240 2343 1277 2426 ³).
1303 2343 1424 2408 Refert

280 2461 395 2540 etiam,
423 2479 444 2521 a
472 2457 621 2542 Josepho
652 2461 813 2542 scriptore
839 2457 970 2523 Judaeo
1002 2456 1167 2522 Christum
1197 2455 1263 2519 dici
1296 2457 1423 2538 „virum

233 2639 238 2650 ,
276 2571 401 2654 justum
433 2577 466 2634 et
495 2569 616 2634 bonurn
648 2591 692 2636 ex
721 2569 832 2634 divina
860 2572 967 2655 gratia
994 2568 1215 2650 declaratum,
1250 2571 1354 2654 signis
1388 2575 1423 2644 et

281 2679 445 2743 miraculis
467 2682 500 2743 in
521 2680 642 2744 multos
665 2681 948 2746 benefacientem“
963 2680 998 2764 ⁴).

365 2793 394 2854 4.
417 2789 456 2854 ln
482 2836 504 2871 „
513 2788 711 2854 Orationibus
739 2794 873 2875 quinque
902 2793 941 2856 de
967 2793 1059 2873 rectis
1086 2794 1200 2856 uostris
1231 2791 1420 2872 dopruotibus

278 2903 443 2964 uentutt'si‘
466 2901 541 2983 (col.
565 2902 652 2965 1309
670 2901 778 2985 seqq.)
799 2902 880 2964 nihil
901 2905 1031 2984 inveni,
1055 2923 1099 2968 ex
1121 2924 1187 2986 quo
1209 2902 1419 2966 Anastasium

278 3021 436 3095 nostrum,
459 3012 594 3099 Hodegi
616 3022 793 3095 auctorem,
819 3015 1026 3099 conjicerem.
1060 3013 1183 3079 Verum
1203 3015 1311 3077 omnia
1322 3033 1419 3096 quam

279 3126 401 3208 optime
422 3124 586 3207 quadrare
608 3125 687 3188 mihi
700 3124 854 3190 videntur
876 3129 910 3188 in
920 3125 1130 3190 Anastasium
1151 3125 1242 3188 illum
1257 3125 1419 3188 seniorem

350 3450 371 3516 ¹)
389 3451 463 3502 Dicit
481 3447 654 3518 enimp.„liui
673 3449 705 3526 μὴ
726 3449 809 3526 εἴπῃς,
830 3446 869 3504 ὅτι
886 3449 994 3526 σήμερον
1012 3447 1220 3524 κατατονοιίμεδα
1237 3446 1261 3502 οἱ
1279 3446 1419 3521 Χριστιανοὶ

278 3539 578 3617 καίαίχμαλοιτιζόμεδα·
596 3553 669 3596 τοῦτο
687 3542 735 3618 γάρ
747 3543 798 3596 ἐστι
816 3542 844 3597 τὸ
863 3543 935 3619 μίρα,
956 3541 995 3597 ὅτι
1012 3541 1053 3597 καί
1072 3541 1120 3596 ὑπὸ
1139 3543 1262 3598 τοσούτων
1280 3543 1418 3618 διωκομίνιρ

278 3634 320 3688 καί
337 3637 510 3713 πολεμουμένῃ
533 3635 549 3713 ἡ
574 3635 655 3696 πίστις
678 3635 748 3714 ἡμῶν
778 3633 875 3690 ίσταται
897 3635 939 3690 καί
963 3636 992 3690 οὺ
1017 3636 1136 3704 παύεται,
1164 3635 1221 3691 οὐδὲ
1243 3635 1270 3692 τὸ
1296 3636 1418 3706 βασίλειον

279 3723 354 3805 ἡμῶν
380 3740 551 3804 καταργεῖται,
581 3729 639 3784 οὐδὲ
670 3729 695 3784 αἱ
720 3729 847 3807 ἐκκλησίαι
870 3730 941 3809 ἡμῶν
965 3731 1098 3785 κλείονται·
1127 3730 1191 3786 ἀλλὰ
1220 3731 1341 3807 ἀναμίσον
1368 3744 1418 3784 τῶν

281 3917 407 3994 τείρσσομεν
425 3915 466 3971 καὶ
485 3917 614 3994 ἐκκλησίας
632 3919 825 3995 οἰκοδομοῦμεν,
844 3919 932 3980 θυσίας
950 3920 1136 3997 ἐπιτελοῦμκνιι.
1156 3924 1221 3990 (col.
1241 3923 1306 3974 1221
1324 3921 1373 3983 D.)

348 4013 371 4081 ²)
390 4015 491 4087 ,Ἡμεῖς
510 4012 536 4066 δί
555 4011 578 4067 οἱ
596 4013 736 4088 Χριστιανοὶ
762 4013 1003 4090 αίχμαλοιτιζόμινοι
1020 4016 1104 4071 πολλὰ
1129 4015 1171 4092 ἔτι]
1195 4013 1238 4070 καί
1260 4011 1419 4069 καταπονοῦ-

279 4126 360 4191 μενορ,
378 4104 419 4160 τὸν
438 4104 500 4161 Θεὸν
519 4105 564 4161 οὐκ
583 4107 744 4183 ἀρνούμεδα“
763 4113 819 4164 col.
840 4113 907 4164 1236
925 4112 959 4164 A.

348 4202 371 4268 ⁸)
391 4204 443 4253 col.
463 4205 531 4256 1248
548 4204 580 4254 Β.

348 4297 370 4364 ⁴)
389 4298 452 4349 ibid.
472 4295 507 4348 0:
526 4296 666 4371 ,,’1οἰσιρπος
685 4294 697 4350 δ
718 4297 874 4372 σογγραρείις
893 4297 962 4373 ὑμῶν
981 4298 1008 4359 ὃς
1027 4297 1111 4376 εἴρηκε
1128 4295 1187 4372 περὶ
1203 4301 1311 4373 Χριστοῦ
1328 4299 1419 4374 λε’ροιν,

278 4386 367 4463 ἀνδρὸς
385 4387 479 4444 δικαίου
497 4387 538 4444 καί
557 4389 654 4466 ἀγαθοῦ
674 4390 701 4444 ἐκ
719 4389 789 4450 δείας
805 4391 908 4466 χάριτος
925 4390 1123 4468 ἀναδειχθέντος,
1142 4392 1251 4470 σημείοις
1267 4391 1309 4448 καί
1321 4394 1419 4470 τίμασεν

277 4481 464 4559 εὐεργετοῦντος
482 4484 618 4544 πολλούςίι.
654 4486 695 4538 Cf.
713 4487 790 4540 Plau.
809 4489 868 4540 Jos.
887 4493 988 4556 antiqq.
1006 4491 1111 4542 XVIII.
1128 4493 1154 4542 a.
