<?xml version="1.0" encoding="UTF-8"?>
<!DOCTYPE html PUBLIC "-//W3C//DTD XHTML 1.0 Transitional//EN"
    "http://www.w3.org/TR/xhtml1/DTD/xhtml1-transitional.dtd">
<html xmlns="http://www.w3.org/1999/xhtml" xml:lang="en" lang="en">
 <head>
  <title>
</title>
<meta http-equiv="Content-Type" content="text/html;charset=utf-8" />
  <meta name='ocr-system' content='tesseract 3.04.00' />
  <meta name='ocr-capabilities' content='ocr_page ocr_carea ocr_par ocr_line ocrx_word'/>
</head>
<body>
  <div class='ocr_page' id='page_1' title='image "./deanastasiosina00kumpgoog_0098.png"; bbox 0 0 3225 5217; ppageno 0'>
   <div class='ocr_carea' id='block_1_1' title="bbox 285 467 328 530">
    <p class='ocr_par' dir='ltr' id='par_1_1' title="bbox 285 467 328 530">
     <span class='ocr_line' id='line_1_1' title="bbox 285 467 328 530; baseline 0.047 -2"><span class='ocrx_word' id='word_1_1' title='bbox 285 467 328 530; x_wconf 79' lang='lat'><strong>72</strong></span> 
     </span>
    </p>
   </div>
   <div class='ocr_carea' id='block_1_2' title="bbox 247 641 1492 3857">
    <p class='ocr_par' dir='ltr' id='par_1_2' title="bbox 247 641 1425 1398">
     <span class='ocr_line' id='line_1_2' title="bbox 283 641 1425 729; baseline 0.002 -21"><span class='ocrx_word' id='word_1_2' title='bbox 283 642 469 708; x_wconf 78' lang='lat' dir='ltr'><strong>Ecclesiam</strong></span> <span class='ocrx_word' id='word_1_3' title='bbox 479 641 609 725; x_wconf 89' lang='lat' dir='ltr'><strong>videre,</strong></span> <span class='ocrx_word' id='word_1_4' title='bbox 629 642 844 727; x_wconf 90' lang='lat' dir='ltr'><strong>complurium</strong></span> <span class='ocrx_word' id='word_1_5' title='bbox 861 651 1047 708; x_wconf 85' lang='lat' dir='ltr'><strong>sanctorum</strong></span> <span class='ocrx_word' id='word_1_6' title='bbox 1060 646 1288 729; x_wconf 87' lang='lat' dir='ltr'><strong>episcoporum</strong></span> <span class='ocrx_word' id='word_1_7' title='bbox 1298 643 1425 710; x_wconf 86' lang='lat' dir='ltr'><strong>Romae</strong></span> 
     </span>
     <span class='ocr_line' id='line_1_3' title="bbox 247 753 1425 842; baseline -0.001 -21"><span class='ocrx_word' id='word_1_8' title='bbox 247 761 256 768; x_wconf 86' lang='lat'>&#39;</span> <span class='ocrx_word' id='word_1_9' title='bbox 284 756 446 840; x_wconf 90' lang='lat' dir='ltr'><strong>synodum</strong></span> <span class='ocrx_word' id='word_1_10' title='bbox 468 757 570 842; x_wconf 81' lang='lat' dir='ltr'><strong>cogit,</strong></span> <span class='ocrx_word' id='word_1_11' title='bbox 591 757 624 818; x_wconf 91' lang='lat' dir='ltr'><strong>iu</strong></span> <span class='ocrx_word' id='word_1_12' title='bbox 646 774 713 838; x_wconf 83' lang='lat' dir='ltr'><strong>qua</strong></span> <span class='ocrx_word' id='word_1_13' title='bbox 734 776 779 819; x_wconf 85' lang='lat' dir='ltr'><strong>ex</strong></span> <span class='ocrx_word' id='word_1_14' title='bbox 801 753 863 820; x_wconf 87' lang='lat' dir='ltr'><strong>SS.</strong></span> <span class='ocrx_word' id='word_1_15' title='bbox 880 755 1018 820; x_wconf 83' lang='lat' dir='ltr'><strong>Petrum</strong></span> <span class='ocrx_word' id='word_1_16' title='bbox 1038 759 1245 836; x_wconf 78' lang='lat' dir='ltr'><strong>testimoniis,</strong></span> <span class='ocrx_word' id='word_1_17' title='bbox 1267 755 1350 820; x_wconf 82' lang='lat' dir='ltr'><strong>duas</strong></span> <span class='ocrx_word' id='word_1_18' title='bbox 1371 759 1425 820; x_wconf 92' lang='lat' dir='ltr'><strong>in-</strong></span> 
     </span>
     <span class='ocr_line' id='line_1_4' title="bbox 284 867 1423 952; baseline 0.001 -19"><span class='ocrx_word' id='word_1_19' title='bbox 284 868 407 933; x_wconf 90' lang='lat' dir='ltr'><strong>divisas</strong></span> <span class='ocrx_word' id='word_1_20' title='bbox 428 867 553 932; x_wconf 76' lang='lat' dir='ltr'><strong>Christi</strong></span> <span class='ocrx_word' id='word_1_21' title='bbox 580 869 820 952; x_wconf 71' lang='lat' dir='ltr'><strong>proprietates,</strong></span> <span class='ocrx_word' id='word_1_22' title='bbox 850 867 915 931; x_wconf 90' lang='lat' dir='ltr'><strong>hoo</strong></span> <span class='ocrx_word' id='word_1_23' title='bbox 943 875 995 931; x_wconf 88' lang='lat' dir='ltr'><strong>est</strong></span> <span class='ocrx_word' id='word_1_24' title='bbox 1020 867 1162 932; x_wconf 89' lang='lat' dir='ltr'><strong>divinam</strong></span> <span class='ocrx_word' id='word_1_25' title='bbox 1189 875 1224 932; x_wconf 89' lang='lat' dir='ltr'><strong>et</strong></span> <span class='ocrx_word' id='word_1_26' title='bbox 1251 867 1423 934; x_wconf 81' lang='lat' dir='ltr'><strong>humanam</strong></span> 
     </span>
     <span class='ocr_line' id='line_1_5' title="bbox 284 979 1423 1065; baseline 0.002 -20"><span class='ocrx_word' id='word_1_27' title='bbox 284 982 356 1064; x_wconf 84' lang='lat' dir='ltr'><strong>ejus</strong></span> <span class='ocrx_word' id='word_1_28' title='bbox 370 979 573 1043; x_wconf 83' lang='lat' dir='ltr'><strong>voluntatem</strong></span> <span class='ocrx_word' id='word_1_29' title='bbox 592 987 693 1062; x_wconf 90' lang='lat' dir='ltr'><strong>atque</strong></span> <span class='ocrx_word' id='word_1_30' title='bbox 707 981 933 1062; x_wconf 80' lang='lat' dir='ltr'><strong>operationem</strong></span> <span class='ocrx_word' id='word_1_31' title='bbox 948 979 1057 1062; x_wconf 87' lang='lat' dir='ltr'><strong>palam</strong></span> <span class='ocrx_word' id='word_1_32' title='bbox 1073 980 1255 1065; x_wconf 88' lang='lat' dir='ltr'><strong>profitetur.</strong></span> <span class='ocrx_word' id='word_1_33' title='bbox 1294 980 1423 1046; x_wconf 86' lang='lat' dir='ltr'><strong>Deinde</strong></span> 
     </span>
     <span class='ocr_line' id='line_1_6' title="bbox 284 1088 1423 1174; baseline 0.002 -20"><span class='ocrx_word' id='word_1_34' title='bbox 284 1090 428 1155; x_wconf 79' lang='lat' dir='ltr'><strong>decessit</strong></span> <span class='ocrx_word' id='word_1_35' title='bbox 448 1089 636 1156; x_wconf 81' lang='lat' dir='ltr'><strong>Heraclius:</strong></span> <span class='ocrx_word' id='word_1_36' title='bbox 665 1088 799 1174; x_wconf 84' lang='lat' dir='ltr'><strong>pellitur</strong></span> <span class='ocrx_word' id='word_1_37' title='bbox 821 1089 922 1152; x_wconf 82' lang='lat' dir='ltr'><strong>exilio</strong></span> <span class='ocrx_word' id='word_1_38' title='bbox 945 1089 1108 1154; x_wconf 88' lang='lat' dir='ltr'><strong>Martinus</strong></span> <span class='ocrx_word' id='word_1_39' title='bbox 1129 1091 1172 1154; x_wconf 78' lang='lat' dir='ltr'><strong>nb</strong></span> <span class='ocrx_word' id='word_1_40' title='bbox 1192 1090 1338 1156; x_wconf 87' lang='lat' dir='ltr'><strong>Heraclii</strong></span> <span class='ocrx_word' id='word_1_41' title='bbox 1359 1113 1423 1156; x_wconf 92' lang='lat' dir='ltr'><strong>ne·</strong></span> 
     </span>
     <span class='ocr_line' id='line_1_7' title="bbox 282 1191 1423 1286; baseline 0 -21"><span class='ocrx_word' id='word_1_42' title='bbox 282 1211 362 1286; x_wconf 91' lang='lat' dir='ltr'><strong>pote</strong></span> <span class='ocrx_word' id='word_1_43' title='bbox 382 1201 421 1282; x_wconf 84' lang='lat'><strong>&#39;):</strong></span> <span class='ocrx_word' id='word_1_44' title='bbox 443 1204 620 1285; x_wconf 86' lang='lat' dir='ltr'><strong>statimque</strong></span> <span class='ocrx_word' id='word_1_45' title='bbox 639 1191 787 1266; x_wconf 82' lang='lat' dir='ltr'><strong>surrexit</strong></span> <span class='ocrx_word' id='word_1_46' title='bbox 810 1223 853 1266; x_wconf 84' lang='lat' dir='ltr'><strong>ex</strong></span> <span class='ocrx_word' id='word_1_47' title='bbox 878 1221 987 1266; x_wconf 90' lang='lat' dir='ltr'><strong>eremo</strong></span> <span class='ocrx_word' id='word_1_48' title='bbox 999 1200 1136 1266; x_wconf 86' lang='lat' dir='ltr'><strong>Amalec</strong></span> <span class='ocrx_word' id='word_1_49' title='bbox 1149 1201 1196 1283; x_wconf 73' lang='lat'><strong>²),</strong></span> <span class='ocrx_word' id='word_1_50' title='bbox 1218 1223 1279 1269; x_wconf 89' lang='lat' dir='ltr'><strong>uos</strong></span> <span class='ocrx_word' id='word_1_51' title='bbox 1300 1201 1423 1266; x_wconf 81' lang='lat' dir='ltr'><strong>Christi</strong></span> 
     </span>
     <span class='ocr_line' id='line_1_8' title="bbox 282 1312 660 1398; baseline -0.003 -21"><span class='ocrx_word' id='word_1_52' title='bbox 282 1312 441 1398; x_wconf 91' lang='lat' dir='ltr'><strong>populum</strong></span> <span class='ocrx_word' id='word_1_53' title='bbox 462 1315 660 1397; x_wconf 85' lang='lat' dir='ltr'><strong>percutiens.</strong></span> 
     </span>
    </p>

    <p class='ocr_par' dir='ltr' id='par_1_3' title="bbox 267 1424 1492 3857">
     <span class='ocr_line' id='line_1_9' title="bbox 368 1424 1422 1510; baseline -0.001 -21"><span class='ocrx_word' id='word_1_54' title='bbox 368 1426 480 1490; x_wconf 86' lang='lat' dir='ltr'><strong>Prima</strong></span> <span class='ocrx_word' id='word_1_55' title='bbox 501 1445 542 1488; x_wconf 85' lang='lat' dir='ltr'><strong>ea</strong></span> <span class='ocrx_word' id='word_1_56' title='bbox 562 1424 626 1488; x_wconf 84' lang='lat' dir='ltr'><strong>fuit</strong></span> <span class='ocrx_word' id='word_1_57' title='bbox 642 1425 799 1490; x_wconf 90' lang='lat' dir='ltr'><strong>terribilis</strong></span> <span class='ocrx_word' id='word_1_58' title='bbox 821 1433 922 1510; x_wconf 78' lang='lat' dir='ltr'><strong>atque</strong></span> <span class='ocrx_word' id='word_1_59' title='bbox 942 1427 1132 1492; x_wconf 88' lang='lat' dir='ltr'><strong>insanabilis</strong></span> <span class='ocrx_word' id='word_1_60' title='bbox 1153 1426 1294 1491; x_wconf 85' lang='lat' dir='ltr'><strong>Romani</strong></span> <span class='ocrx_word' id='word_1_61' title='bbox 1322 1446 1422 1490; x_wconf 86' lang='lat' dir='ltr'><strong>exer-</strong></span> 
     </span>
     <span class='ocr_line' id='line_1_10' title="bbox 282 1535 1422 1620; baseline -0.002 -18"><span class='ocrx_word' id='word_1_62' title='bbox 282 1539 367 1602; x_wconf 86' lang='lat' dir='ltr'><strong>citus</strong></span> <span class='ocrx_word' id='word_1_63' title='bbox 388 1535 518 1618; x_wconf 83' lang='lat' dir='ltr'><strong>clades3</strong></span> <span class='ocrx_word' id='word_1_64' title='bbox 546 1535 621 1616; x_wconf 90' lang='lat' dir='ltr'><strong>illa,</strong></span> <span class='ocrx_word' id='word_1_65' title='bbox 649 1539 798 1620; x_wconf 87' lang='lat' dir='ltr'><strong>inquam,</strong></span> <span class='ocrx_word' id='word_1_66' title='bbox 826 1537 869 1602; x_wconf 91' lang='lat' dir='ltr'><strong>ad</strong></span> <span class='ocrx_word' id='word_1_67' title='bbox 893 1537 1069 1604; x_wconf 85' lang='lat' dir='ltr'><strong>Gabitham</strong></span> <span class='ocrx_word' id='word_1_68' title='bbox 1098 1547 1132 1603; x_wconf 91' lang='lat' dir='ltr'><strong>et</strong></span> <span class='ocrx_word' id='word_1_69' title='bbox 1153 1537 1364 1604; x_wconf 88' lang='lat' dir='ltr'><strong>Hirmncham</strong></span> <span class='ocrx_word' id='word_1_70' title='bbox 1386 1543 1422 1601; x_wconf 88' lang='lat' dir='ltr'><strong>et</strong></span> 
     </span>
     <span class='ocr_line' id='line_1_11' title="bbox 282 1647 1421 1742; baseline 0.001 -31"><span class='ocrx_word' id='word_1_71' title='bbox 282 1647 468 1712; x_wconf 86' lang='lat' dir='ltr'><strong>Dathemon</strong></span> <span class='ocrx_word' id='word_1_72' title='bbox 491 1650 659 1742; x_wconf 76' lang='lat' dir='ltr'><strong>sanguinis</strong></span> <span class='ocrx_word' id='word_1_73' title='bbox 681 1648 784 1729; x_wconf 81' lang='lat' dir='ltr'><strong>fusi03</strong></span> <span class='ocrx_word' id='word_1_74' title='bbox 806 1659 1053 1732; x_wconf 81' lang='lat' dir='ltr'><strong>quamsecutae</strong></span> <span class='ocrx_word' id='word_1_75' title='bbox 1073 1649 1421 1716; x_wconf 86' lang='lat' dir='ltr'><strong>suntPalaestinorum</strong></span> 
     </span>
     <span class='ocr_line' id='line_1_12' title="bbox 283 1757 1420 1846; baseline -0.001 -23"><span class='ocrx_word' id='word_1_76' title='bbox 283 1767 317 1823; x_wconf 91' lang='lat' dir='ltr'><strong>et</strong></span> <span class='ocrx_word' id='word_1_77' title='bbox 350 1757 620 1846; x_wconf 71' lang='lat' dir='ltr'><strong>caesareensium</strong></span> <span class='ocrx_word' id='word_1_78' title='bbox 654 1768 688 1824; x_wconf 90' lang='lat' dir='ltr'><strong>et</strong></span> <span class='ocrx_word' id='word_1_79' title='bbox 721 1757 1026 1844; x_wconf 87' lang='lat' dir='ltr'><strong>Hierosolymorum</strong></span> <span class='ocrx_word' id='word_1_80' title='bbox 1060 1763 1270 1846; x_wconf 81' lang='lat' dir='ltr'><strong>captivitates</strong></span> <span class='ocrx_word' id='word_1_81' title='bbox 1303 1769 1337 1824; x_wconf 87' lang='lat' dir='ltr'><strong>et</strong></span> <span class='ocrx_word' id='word_1_82' title='bbox 1367 1762 1420 1822; x_wconf 92' lang='lat' dir='ltr'><strong>in-</strong></span> 
     </span>
     <span class='ocr_line' id='line_1_13' title="bbox 280 1869 1420 1957; baseline -0.002 -21"><span class='ocrx_word' id='word_1_83' title='bbox 280 1874 460 1936; x_wconf 89' lang='lat' dir='ltr'><strong>censiones.</strong></span> <span class='ocrx_word' id='word_1_84' title='bbox 503 1869 584 1935; x_wconf 89' lang='lat' dir='ltr'><strong>Inde</strong></span> <span class='ocrx_word' id='word_1_85' title='bbox 607 1870 756 1957; x_wconf 81' lang='lat' dir='ltr'><strong>Aegypti</strong></span> <span class='ocrx_word' id='word_1_86' title='bbox 785 1875 948 1956; x_wconf 88' lang='lat' dir='ltr'><strong>pernicies</strong></span> <span class='ocrx_word' id='word_1_87' title='bbox 979 1881 1012 1938; x_wconf 85' lang='lat' dir='ltr'><strong>et</strong></span> <span class='ocrx_word' id='word_1_88' title='bbox 1033 1873 1109 1938; x_wconf 91' lang='lat' dir='ltr'><strong>illne</strong></span> <span class='ocrx_word' id='word_1_89' title='bbox 1133 1873 1287 1957; x_wconf 86' lang='lat' dir='ltr'><strong>deinceps</strong></span> <span class='ocrx_word' id='word_1_90' title='bbox 1309 1871 1420 1936; x_wconf 90' lang='lat' dir='ltr'><strong>Medi-</strong></span> 
     </span>
     <span class='ocr_line' id='line_1_14' title="bbox 279 1982 1420 2070; baseline 0 -22"><span class='ocrx_word' id='word_1_91' title='bbox 279 1992 502 2048; x_wconf 83' lang='lat' dir='ltr'><strong>terraneornm</strong></span> <span class='ocrx_word' id='word_1_92' title='bbox 522 1992 557 2049; x_wconf 89' lang='lat' dir='ltr'><strong>et</strong></span> <span class='ocrx_word' id='word_1_93' title='bbox 576 1982 758 2049; x_wconf 87' lang='lat' dir='ltr'><strong>Insularum</strong></span> <span class='ocrx_word' id='word_1_94' title='bbox 778 1985 1002 2052; x_wconf 87' lang='lat' dir='ltr'><strong>etRomaniae</strong></span> <span class='ocrx_word' id='word_1_95' title='bbox 1021 1989 1194 2050; x_wconf 84' lang='lat' dir='ltr'><strong>universae</strong></span> <span class='ocrx_word' id='word_1_96' title='bbox 1210 1986 1420 2070; x_wconf 77' lang='lat' dir='ltr'><strong>&#39;captivitates</strong></span> 
     </span>
     <span class='ocr_line' id='line_1_15' title="bbox 277 2095 1420 2184; baseline 0.002 -26"><span class='ocrx_word' id='word_1_97' title='bbox 277 2095 543 2180; x_wconf 86' lang='lat' dir='ltr'><strong>insanabilesqne</strong></span> <span class='ocrx_word' id='word_1_98' title='bbox 576 2099 778 2162; x_wconf 75' lang='lat' dir='ltr'><strong>vastationes</strong></span> <span class='ocrx_word' id='word_1_99' title='bbox 813 2100 1029 2184; x_wconf 81' lang='lat' dir='ltr'><strong>contigerunt.</strong></span> <span class='ocrx_word' id='word_1_100' title='bbox 1079 2097 1202 2162; x_wconf 91' lang='lat' dir='ltr'><strong>Verum</strong></span> <span class='ocrx_word' id='word_1_101' title='bbox 1231 2117 1338 2180; x_wconf 84' lang='lat' dir='ltr'><strong>neque</strong></span> <span class='ocrx_word' id='word_1_102' title='bbox 1372 2097 1420 2160; x_wconf 88' lang='lat' dir='ltr'><strong>sic</strong></span> 
     </span>
     <span class='ocr_line' id='line_1_16' title="bbox 278 2205 1420 2292; baseline 0.001 -22"><span class='ocrx_word' id='word_1_103' title='bbox 278 2205 500 2282; x_wconf 82' lang='lat' dir='ltr'><strong>Romanorum</strong></span> <span class='ocrx_word' id='word_1_104' title='bbox 516 2210 680 2292; x_wconf 86' lang='lat' dir='ltr'><strong>principes</strong></span> <span class='ocrx_word' id='word_1_105' title='bbox 699 2216 734 2273; x_wconf 88' lang='lat' dir='ltr'><strong>et</strong></span> <span class='ocrx_word' id='word_1_106' title='bbox 750 2208 971 2274; x_wconf 78' lang='lat' dir='ltr'><strong>dominatores</strong></span> <span class='ocrx_word' id='word_1_107' title='bbox 988 2209 1030 2272; x_wconf 83' lang='lat' dir='ltr'><strong>ed</strong></span> <span class='ocrx_word' id='word_1_108' title='bbox 1048 2211 1223 2274; x_wconf 87' lang='lat' dir='ltr'><strong>sanitatem</strong></span> <span class='ocrx_word' id='word_1_109' title='bbox 1239 2207 1420 2274; x_wconf 75' lang='lat' dir='ltr'><strong>redieruntz</strong></span> 
     </span>
     <span class='ocr_line' id='line_1_17' title="bbox 278 2319 1418 2404; baseline 0 -22"><span class='ocrx_word' id='word_1_110' title='bbox 278 2322 376 2382; x_wconf 90' lang='lat' dir='ltr'><strong>immo</strong></span> <span class='ocrx_word' id='word_1_111' title='bbox 399 2321 506 2404; x_wconf 88' lang='lat' dir='ltr'><strong>captis</strong></span> <span class='ocrx_word' id='word_1_112' title='bbox 527 2322 583 2401; x_wconf 89' lang='lat' dir='ltr'><strong>iis,</strong></span> <span class='ocrx_word' id='word_1_113' title='bbox 606 2321 717 2402; x_wconf 87' lang='lat' dir='ltr'><strong>quiin</strong></span> <span class='ocrx_word' id='word_1_114' title='bbox 739 2319 889 2383; x_wconf 87' lang='lat' dir='ltr'><strong>Romana</strong></span> <span class='ocrx_word' id='word_1_115' title='bbox 911 2319 1038 2403; x_wconf 88' lang='lat' dir='ltr'><strong>synodo</strong></span> <span class='ocrx_word' id='word_1_116' title='bbox 1063 2319 1267 2398; x_wconf 80' lang='lat' dir='ltr'><strong>effulserant,</strong></span> <span class='ocrx_word' id='word_1_117' title='bbox 1291 2319 1418 2404; x_wconf 82' lang='lat' dir='ltr'><strong>linguas</strong></span> 
     </span>
     <span class='ocr_line' id='line_1_18' title="bbox 277 2429 1417 2516; baseline -0.001 -22"><span class='ocrx_word' id='word_1_118' title='bbox 277 2429 421 2495; x_wconf 89' lang='lat' dir='ltr'><strong>secando</strong></span> <span class='ocrx_word' id='word_1_119' title='bbox 451 2451 633 2516; x_wconf 84' lang='lat' dir='ltr'><strong>manusque</strong></span> <span class='ocrx_word' id='word_1_120' title='bbox 667 2429 890 2494; x_wconf 89' lang='lat' dir='ltr'><strong>abscindendo</strong></span> <span class='ocrx_word' id='word_1_121' title='bbox 927 2433 961 2495; x_wconf 93' lang='lat' dir='ltr'><strong>iu</strong></span> <span class='ocrx_word' id='word_1_122' title='bbox 990 2434 1080 2516; x_wconf 89' lang='lat' dir='ltr'><strong>ipsos</strong></span> <span class='ocrx_word' id='word_1_123' title='bbox 1108 2430 1417 2496; x_wconf 82' lang='lat' dir='ltr'><strong>animadverterunt</strong></span> 
     </span>
     <span class='ocr_line' id='line_1_19' title="bbox 277 2540 1420 2627; baseline -0.003 -19"><span class='ocrx_word' id='word_1_124' title='bbox 277 2540 345 2608; x_wconf 87' lang='lat' dir='ltr'><strong>Sed</strong></span> <span class='ocrx_word' id='word_1_125' title='bbox 377 2541 588 2627; x_wconf 45' lang='lat' dir='ltr'><strong>qnaesnobis</strong></span> <span class='ocrx_word' id='word_1_126' title='bbox 623 2543 738 2607; x_wconf 89' lang='lat' dir='ltr'><strong>horum</strong></span> <span class='ocrx_word' id='word_1_127' title='bbox 768 2542 939 2608; x_wconf 80' lang='lat' dir='ltr'><strong>retributio</strong></span> <span class='ocrx_word' id='word_1_128' title='bbox 968 2543 1058 2608; x_wconf 79' lang='lat' dir='ltr'><strong>facta</strong></span> <span class='ocrx_word' id='word_1_129' title='bbox 1087 2553 1138 2608; x_wconf 88' lang='lat' dir='ltr'><strong>est</strong></span> <span class='ocrx_word' id='word_1_130' title='bbox 1168 2563 1189 2608; x_wconf 83' lang='lat' dir='ltr'><strong>a</strong></span> <span class='ocrx_word' id='word_1_131' title='bbox 1218 2541 1314 2608; x_wconf 84' lang='lat' dir='ltr'><strong>Deo?</strong></span> <span class='ocrx_word' id='word_1_132' title='bbox 1359 2541 1420 2606; x_wconf 89' lang='lat' dir='ltr'><strong>Illa</strong></span> 
     </span>
     <span class='ocr_line' id='line_1_20' title="bbox 275 2652 1418 2739; baseline 0 -21"><span class='ocrx_word' id='word_1_133' title='bbox 275 2656 409 2738; x_wconf 87' lang='lat' dir='ltr'><strong>inquam</strong></span> <span class='ocrx_word' id='word_1_134' title='bbox 443 2655 478 2718; x_wconf 92' lang='lat' dir='ltr'><strong>in</strong></span> <span class='ocrx_word' id='word_1_135' title='bbox 510 2652 691 2719; x_wconf 86' lang='lat' dir='ltr'><strong>Phoenicia</strong></span> <span class='ocrx_word' id='word_1_136' title='bbox 729 2656 841 2726; x_wconf 83' lang='lat' dir='ltr'><strong>totalis</strong></span> <span class='ocrx_word' id='word_1_137' title='bbox 878 2675 970 2739; x_wconf 89' lang='lat' dir='ltr'><strong>pene</strong></span> <span class='ocrx_word' id='word_1_138' title='bbox 992 2654 1231 2720; x_wconf 78' lang='lat' dir='ltr'><strong>Romanorum</strong></span> <span class='ocrx_word' id='word_1_139' title='bbox 1251 2655 1418 2719; x_wconf 85' lang='lat' dir='ltr'><strong>exereitus</strong></span> 
     </span>
     <span class='ocr_line' id='line_1_21' title="bbox 276 2763 1418 2852; baseline -0.004 -20"><span class='ocrx_word' id='word_1_140' title='bbox 276 2775 311 2832; x_wconf 89' lang='lat' dir='ltr'><strong>et</strong></span> <span class='ocrx_word' id='word_1_141' title='bbox 347 2767 464 2832; x_wconf 87' lang='lat' dir='ltr'><strong>classis</strong></span> <span class='ocrx_word' id='word_1_142' title='bbox 500 2767 662 2852; x_wconf 86' lang='lat' dir='ltr'><strong>pernicies</strong></span> <span class='ocrx_word' id='word_1_143' title='bbox 690 2774 724 2832; x_wconf 89' lang='lat' dir='ltr'><strong>et</strong></span> <span class='ocrx_word' id='word_1_144' title='bbox 759 2769 877 2836; x_wconf 87' lang='lat' dir='ltr'><strong>iterum</strong></span> <span class='ocrx_word' id='word_1_145' title='bbox 915 2767 1072 2852; x_wconf 89' lang='lat' dir='ltr'><strong>deinceps</strong></span> <span class='ocrx_word' id='word_1_146' title='bbox 1107 2768 1211 2838; x_wconf 89' lang='lat' dir='ltr'><strong>omnis</strong></span> <span class='ocrx_word' id='word_1_147' title='bbox 1241 2763 1418 2832; x_wconf 84' lang='lat' dir='ltr'><strong>Christiani</strong></span> 
     </span>
     <span class='ocr_line' id='line_1_22' title="bbox 274 2870 1417 2964; baseline -0.003 -23"><span class='ocrx_word' id='word_1_148' title='bbox 274 2877 390 2963; x_wconf 91' lang='lat' dir='ltr'><strong>populi</strong></span> <span class='ocrx_word' id='word_1_149' title='bbox 410 2877 622 2961; x_wconf 90' lang='lat' dir='ltr'><strong>locorumque</strong></span> <span class='ocrx_word' id='word_1_150' title='bbox 644 2880 803 2944; x_wconf 82' lang='lat' dir='ltr'><strong>vastatio:</strong></span> <span class='ocrx_word' id='word_1_151' title='bbox 826 2899 913 2961; x_wconf 85' lang='lat' dir='ltr'><strong>quae</strong></span> <span class='ocrx_word' id='word_1_152' title='bbox 929 2881 998 2942; x_wconf 78' lang='lat' dir='ltr'><strong>&#39;non</strong></span> <span class='ocrx_word' id='word_1_153' title='bbox 1020 2880 1112 2964; x_wconf 85' lang='lat' dir='ltr'><strong>prius</strong></span> <span class='ocrx_word' id='word_1_154' title='bbox 1134 2878 1296 2956; x_wconf 80' lang='lat' dir='ltr'><strong>cessavit,</strong></span> <span class='ocrx_word' id='word_1_155' title='bbox 1319 2870 1417 2959; x_wconf 79' lang='lat' dir='ltr'><strong>quain</strong></span> 
     </span>
     <span class='ocr_line' id='line_1_23' title="bbox 274 2985 1492 3077; baseline -0.002 -25"><span class='ocrx_word' id='word_1_156' title='bbox 274 2988 407 3053; x_wconf 87' lang='lat' dir='ltr'><strong>Martini</strong></span> <span class='ocrx_word' id='word_1_157' title='bbox 437 2998 630 3074; x_wconf 89' lang='lat' dir='ltr'><strong>persecutor</strong></span> <span class='ocrx_word' id='word_1_158' title='bbox 657 2991 691 3054; x_wconf 92' lang='lat' dir='ltr'><strong>in</strong></span> <span class='ocrx_word' id='word_1_159' title='bbox 713 2988 825 3057; x_wconf 87' lang='lat' dir='ltr'><strong>Sicilia</strong></span> <span class='ocrx_word' id='word_1_160' title='bbox 852 2989 963 3077; x_wconf 81' lang='lat' dir='ltr'><strong>gladio</strong></span> <span class='ocrx_word' id='word_1_161' title='bbox 992 2997 1182 3076; x_wconf 87' lang='lat' dir='ltr'><strong>peremptus</strong></span> <span class='ocrx_word' id='word_1_162' title='bbox 1205 2997 1265 3054; x_wconf 83' lang='lat' dir='ltr'><strong>est</strong></span> <span class='ocrx_word' id='word_1_163' title='bbox 1309 2985 1416 3071; x_wconf 89' lang='lat' dir='ltr'><strong>Hujus</strong></span> <span class='ocrx_word' id='word_1_164' title='bbox 1487 3037 1492 3044; x_wconf 93' lang='lat'><em>.</em></span> 
     </span>
     <span class='ocr_line' id='line_1_24' title="bbox 274 3099 1416 3188; baseline 0 -24"><span class='ocrx_word' id='word_1_165' title='bbox 274 3110 384 3185; x_wconf 86' lang='lat' dir='ltr'><strong>autem</strong></span> <span class='ocrx_word' id='word_1_166' title='bbox 396 3100 483 3166; x_wconf 87' lang='lat' dir='ltr'><strong>filius</strong></span> <span class='ocrx_word' id='word_1_167' title='bbox 496 3100 715 3168; x_wconf 72' lang='lat' dir='ltr'><strong>Consentiunt</strong></span> <span class='ocrx_word' id='word_1_168' title='bbox 731 3104 822 3188; x_wconf 90' lang='lat' dir='ltr'><strong>pius,</strong></span> <span class='ocrx_word' id='word_1_169' title='bbox 842 3103 1050 3168; x_wconf 87' lang='lat' dir='ltr'><strong>oecumenica</strong></span> <span class='ocrx_word' id='word_1_170' title='bbox 1062 3109 1263 3186; x_wconf 85' lang='lat' dir='ltr'><strong>congregata</strong></span> <span class='ocrx_word' id='word_1_171' title='bbox 1277 3099 1416 3183; x_wconf 87' lang='lat' dir='ltr'><strong>synodo,</strong></span> 
     </span>
     <span class='ocr_line' id='line_1_25' title="bbox 274 3211 1416 3300; baseline -0.004 -22"><span class='ocrx_word' id='word_1_172' title='bbox 274 3224 405 3279; x_wconf 84' lang='lat' dir='ltr'><strong>sanctas</strong></span> <span class='ocrx_word' id='word_1_173' title='bbox 427 3214 598 3300; x_wconf 80' lang='lat' dir='ltr'><strong>conjunxit</strong></span> <span class='ocrx_word' id='word_1_174' title='bbox 618 3212 807 3291; x_wconf 72' lang='lat' dir='ltr'><strong>Ecclesiae,</strong></span> <span class='ocrx_word' id='word_1_175' title='bbox 837 3213 978 3278; x_wconf 86' lang='lat' dir='ltr'><strong>divinam</strong></span> <span class='ocrx_word' id='word_1_176' title='bbox 1006 3212 1103 3278; x_wconf 87' lang='lat' dir='ltr'><strong>simul</strong></span> <span class='ocrx_word' id='word_1_177' title='bbox 1133 3221 1167 3276; x_wconf 88' lang='lat' dir='ltr'><strong>et</strong></span> <span class='ocrx_word' id='word_1_178' title='bbox 1188 3211 1362 3276; x_wconf 85' lang='lat' dir='ltr'><strong>humanam</strong></span> <span class='ocrx_word' id='word_1_179' title='bbox 1382 3213 1416 3274; x_wconf 93' lang='lat' dir='ltr'><strong>iu</strong></span> 
     </span>
     <span class='ocr_line' id='line_1_26' title="bbox 274 3323 1414 3412; baseline -0.001 -21"><span class='ocrx_word' id='word_1_180' title='bbox 274 3323 407 3391; x_wconf 87' lang='lat' dir='ltr'><strong>Christo</strong></span> <span class='ocrx_word' id='word_1_181' title='bbox 428 3325 503 3390; x_wconf 87' lang='lat' dir='ltr'><strong>Deo</strong></span> <span class='ocrx_word' id='word_1_182' title='bbox 531 3334 645 3392; x_wconf 92' lang='lat' dir='ltr'><strong>nostro</strong></span> <span class='ocrx_word' id='word_1_183' title='bbox 670 3326 769 3412; x_wconf 78' lang='lat' dir='ltr'><strong>juxta</strong></span> <span class='ocrx_word' id='word_1_184' title='bbox 790 3323 850 3392; x_wconf 89' lang='lat' dir='ltr'><strong>SS.</strong></span> <span class='ocrx_word' id='word_1_185' title='bbox 872 3326 992 3390; x_wconf 87' lang='lat' dir='ltr'><strong>Patres</strong></span> <span class='ocrx_word' id='word_1_186' title='bbox 1015 3324 1187 3390; x_wconf 87' lang='lat' dir='ltr'><strong>confessus</strong></span> <span class='ocrx_word' id='word_1_187' title='bbox 1215 3323 1414 3390; x_wconf 85' lang='lat' dir='ltr'><strong>voluntatem</strong></span> 
     </span>
     <span class='ocr_line' id='line_1_27' title="bbox 272 3433 1414 3522; baseline -0.002 -22"><span class='ocrx_word' id='word_1_188' title='bbox 272 3445 372 3520; x_wconf 89' lang='lat' dir='ltr'><strong>atque</strong></span> <span class='ocrx_word' id='word_1_189' title='bbox 395 3438 629 3522; x_wconf 87' lang='lat' dir='ltr'><strong>operationem.</strong></span> <span class='ocrx_word' id='word_1_190' title='bbox 669 3437 763 3516; x_wconf 82' lang='lat' dir='ltr'><strong>Quae</strong></span> <span class='ocrx_word' id='word_1_191' title='bbox 781 3435 1074 3521; x_wconf 86' lang='lat' dir='ltr'><strong>sanctasynodus,</strong></span> <span class='ocrx_word' id='word_1_192' title='bbox 1096 3434 1200 3499; x_wconf 86' lang='lat' dir='ltr'><strong>veluti</strong></span> <span class='ocrx_word' id='word_1_193' title='bbox 1211 3433 1414 3518; x_wconf 88' lang='lat' dir='ltr'><strong>acceptabile</strong></span> 
     </span>
     <span class='ocr_line' id='line_1_28' title="bbox 272 3545 1413 3632; baseline -0.005 -19"><span class='ocrx_word' id='word_1_194' title='bbox 272 3547 486 3627; x_wconf 82' lang='lat' dir='ltr'><strong>sacrificium,</strong></span> <span class='ocrx_word' id='word_1_195' title='bbox 516 3556 550 3612; x_wconf 90' lang='lat' dir='ltr'><strong>et</strong></span> <span class='ocrx_word' id='word_1_196' title='bbox 577 3556 614 3612; x_wconf 90' lang='lat' dir='ltr'><strong>ut</strong></span> <span class='ocrx_word' id='word_1_197' title='bbox 634 3548 757 3614; x_wconf 81' lang='lat' dir='ltr'><strong>Aronis</strong></span> <span class='ocrx_word' id='word_1_198' title='bbox 785 3547 867 3612; x_wconf 87' lang='lat' dir='ltr'><strong>illud</strong></span> <span class='ocrx_word' id='word_1_199' title='bbox 897 3547 1091 3632; x_wconf 84' lang='lat' dir='ltr'><strong>thymiama,</strong></span> <span class='ocrx_word' id='word_1_200' title='bbox 1122 3545 1238 3610; x_wconf 83' lang='lat' dir='ltr'><strong>aDeo</strong></span> <span class='ocrx_word' id='word_1_201' title='bbox 1260 3552 1413 3630; x_wconf 88' lang='lat' dir='ltr'><strong>excepta,</strong></span> 
     </span>
     <span class='ocr_line' id='line_1_29' title="bbox 267 3657 1413 3745; baseline -0.003 -24"><span class='ocrx_word' id='word_1_202' title='bbox 267 3677 328 3742; x_wconf 81' lang='lat' dir='ltr'><strong>per</strong></span> <span class='ocrx_word' id='word_1_203' title='bbox 360 3659 467 3740; x_wconf 77' lang='lat' dir='ltr'><strong>cipinti</strong></span> <span class='ocrx_word' id='word_1_204' title='bbox 499 3678 653 3723; x_wconf 80' lang='lat' dir='ltr'><strong>annornm</strong></span> <span class='ocrx_word' id='word_1_205' title='bbox 687 3661 829 3745; x_wconf 85' lang='lat' dir='ltr'><strong>spatium</strong></span> <span class='ocrx_word' id='word_1_206' title='bbox 866 3678 997 3724; x_wconf 86' lang='lat' dir='ltr'><strong>cessere</strong></span> <span class='ocrx_word' id='word_1_207' title='bbox 1031 3657 1111 3722; x_wconf 86' lang='lat' dir='ltr'><strong>fecit</strong></span> <span class='ocrx_word' id='word_1_208' title='bbox 1138 3658 1246 3742; x_wconf 85' lang='lat' dir='ltr'><strong>gentis</strong></span> <span class='ocrx_word' id='word_1_209' title='bbox 1282 3664 1413 3719; x_wconf 88' lang='lat' dir='ltr'><strong>nostrae</strong></span> 
     </span>
     <span class='ocr_line' id='line_1_30' title="bbox 271 3768 1412 3857; baseline -0.005 -23"><span class='ocrx_word' id='word_1_210' title='bbox 271 3771 464 3855; x_wconf 88' lang='lat' dir='ltr'><strong>perniciem,</strong></span> <span class='ocrx_word' id='word_1_211' title='bbox 487 3769 682 3857; x_wconf 83' lang='lat' dir='ltr'><strong>gladiosque</strong></span> <span class='ocrx_word' id='word_1_212' title='bbox 699 3773 900 3836; x_wconf 86' lang='lat' dir='ltr'><strong>inimicorum</strong></span> <span class='ocrx_word' id='word_1_213' title='bbox 918 3773 950 3834; x_wconf 90' lang='lat' dir='ltr'><strong>in</strong></span> <span class='ocrx_word' id='word_1_214' title='bbox 972 3772 1062 3857; x_wconf 87' lang='lat' dir='ltr'><strong>ipsos</strong></span> <span class='ocrx_word' id='word_1_215' title='bbox 1079 3770 1218 3834; x_wconf 88' lang='lat' dir='ltr'><strong>invicem</strong></span> <span class='ocrx_word' id='word_1_216' title='bbox 1235 3768 1412 3832; x_wconf 87' lang='lat' dir='ltr'><strong>convertit:</strong></span> 
     </span>
    </p>
   </div>
   <div class='ocr_carea' id='block_1_3' title="bbox 271 3880 1412 3969">
    <p class='ocr_par' dir='ltr' id='par_1_4' title="bbox 271 3880 1412 3969">
     <span class='ocr_line' id='line_1_31' title="bbox 271 3880 1412 3969; baseline -0.004 -24"><span class='ocrx_word' id='word_1_217' title='bbox 271 3883 366 3946; x_wconf 89' lang='lat' dir='ltr'><strong>terris</strong></span> <span class='ocrx_word' id='word_1_218' title='bbox 396 3885 543 3966; x_wconf 88' lang='lat' dir='ltr'><strong>requiem</strong></span> <span class='ocrx_word' id='word_1_219' title='bbox 574 3883 726 3966; x_wconf 90' lang='lat' dir='ltr'><strong>contulit,</strong></span> <span class='ocrx_word' id='word_1_220' title='bbox 760 3882 924 3969; x_wconf 86' lang='lat' dir='ltr'><strong>placidum</strong></span> <span class='ocrx_word' id='word_1_221' title='bbox 953 3883 1033 3947; x_wconf 85' lang='lat' dir='ltr'><strong>feeit</strong></span> <span class='ocrx_word' id='word_1_222' title='bbox 1061 3902 1168 3963; x_wconf 87' lang='lat' dir='ltr'><strong>mare,</strong></span> <span class='ocrx_word' id='word_1_223' title='bbox 1203 3880 1412 3965; x_wconf 86' lang='lat' dir='ltr'><strong>captivitates</strong></span> 
     </span>
    </p>
   </div>
   <div class='ocr_carea' id='block_1_4' title="bbox 583 4105 1412 4124">
    <p class='ocr_par' dir='ltr' id='par_1_5' title="bbox 583 4105 1412 4124">
     <span class='ocr_line' id='line_1_32' title="bbox 583 4105 1412 4124; baseline 0.002 -4"><span class='ocrx_word' id='word_1_224' title='bbox 583 4105 1412 4124; x_wconf 45' lang='lat' dir='ltr'><strong>’‘m-“fflffl--m-m-ffl-—w-mw</strong></span> 
     </span>
    </p>
   </div>
   <div class='ocr_carea' id='block_1_5' title="bbox 340 4261 1054 4332">
    <p class='ocr_par' dir='ltr' id='par_1_6' title="bbox 340 4261 1054 4332">
     <span class='ocr_line' id='line_1_33' title="bbox 340 4261 1054 4332; baseline 0.007 -15"><span class='ocrx_word' id='word_1_225' title='bbox 340 4262 361 4329; x_wconf 88' lang='lat'><strong>¹)</strong></span> <span class='ocrx_word' id='word_1_226' title='bbox 381 4261 529 4317; x_wconf 83' lang='lat' dir='ltr'><strong>Constante</strong></span> <span class='ocrx_word' id='word_1_227' title='bbox 547 4268 727 4332; x_wconf 80' lang='lat' dir='ltr'><strong>imperatore,</strong></span> <span class='ocrx_word' id='word_1_228' title='bbox 746 4267 868 4320; x_wconf 85' lang='lat' dir='ltr'><strong>Heraclii</strong></span> <span class='ocrx_word' id='word_1_229' title='bbox 885 4284 1054 4322; x_wconf 87' lang='lat' dir='ltr'><strong>successore.</strong></span> 
     </span>
    </p>
   </div>
   <div class='ocr_carea' id='block_1_6' title="bbox 269 4349 1411 4528">
    <p class='ocr_par' dir='ltr' id='par_1_7' title="bbox 269 4349 1411 4528">
     <span class='ocr_line' id='line_1_34' title="bbox 338 4349 1411 4439; baseline 0.014 -30"><span class='ocrx_word' id='word_1_230' title='bbox 338 4358 361 4424; x_wconf 82' lang='lat'><strong>²)</strong></span> <span class='ocrx_word' id='word_1_231' title='bbox 381 4353 521 4432; x_wconf 70' lang='lat' dir='ltr'><strong>llpnpu&#39;ot</strong></span> <span class='ocrx_word' id='word_1_232' title='bbox 530 4357 652 4435; x_wconf 74' lang='grc' dir='ltr'><strong>Ἀμαλὴκ.</strong></span> <span class='ocrx_word' id='word_1_233' title='bbox 670 4360 716 4414; x_wconf 82' lang='lat' dir='ltr'><strong>Sic</strong></span> <span class='ocrx_word' id='word_1_234' title='bbox 726 4367 819 4415; x_wconf 87' lang='lat' dir='ltr'><strong>vocari</strong></span> <span class='ocrx_word' id='word_1_235' title='bbox 831 4349 898 4430; x_wconf 81' lang='lat' dir='ltr'><strong>puto</strong></span> <span class='ocrx_word' id='word_1_236' title='bbox 909 4367 943 4417; x_wconf 86' lang='lat' dir='ltr'><strong>ab</strong></span> <span class='ocrx_word' id='word_1_237' title='bbox 954 4374 1066 4420; x_wconf 88' lang='lat' dir='ltr'><strong>auctore</strong></span> <span class='ocrx_word' id='word_1_238' title='bbox 1075 4369 1266 4424; x_wconf 82' lang='lat' dir='ltr'><strong>Moharnmetis</strong></span> <span class='ocrx_word' id='word_1_239' title='bbox 1278 4372 1411 4439; x_wconf 87' lang='lat' dir='ltr'><strong>sobolem,</strong></span> 
     </span>
     <span class='ocr_line' id='line_1_35' title="bbox 269 4453 1098 4528; baseline 0.01 -22"><span class='ocrx_word' id='word_1_240' title='bbox 269 4458 297 4506; x_wconf 88' lang='lat' dir='ltr'><strong>et</strong></span> <span class='ocrx_word' id='word_1_241' title='bbox 315 4453 401 4508; x_wconf 84' lang='lat' dir='ltr'><strong>alludi</strong></span> <span class='ocrx_word' id='word_1_242' title='bbox 419 4455 452 4506; x_wconf 90' lang='lat' dir='ltr'><strong>ad</strong></span> <span class='ocrx_word' id='word_1_243' title='bbox 471 4453 559 4508; x_wconf 78' lang='lat' dir='ltr'><strong>Exod.</strong></span> <span class='ocrx_word' id='word_1_244' title='bbox 579 4459 626 4521; x_wconf 78' lang='lat'><strong>17,</strong></span> <span class='ocrx_word' id='word_1_245' title='bbox 645 4459 661 4508; x_wconf 88' lang='grc'>8</span> <span class='ocrx_word' id='word_1_246' title='bbox 679 4472 756 4523; x_wconf 87' lang='lat' dir='ltr'><strong>sequ.</strong></span> <span class='ocrx_word' id='word_1_247' title='bbox 775 4464 803 4510; x_wconf 88' lang='lat' dir='ltr'><strong>et</strong></span> <span class='ocrx_word' id='word_1_248' title='bbox 820 4459 901 4512; x_wconf 88' lang='lat' dir='ltr'><strong>Num.</strong></span> <span class='ocrx_word' id='word_1_249' title='bbox 922 4463 969 4528; x_wconf 82' lang='lat'><strong>14,</strong></span> <span class='ocrx_word' id='word_1_250' title='bbox 988 4465 1098 4516; x_wconf 77' lang='lat' dir='ltr'><strong>te-to.</strong></span> 
     </span>
    </p>
   </div>
   <div class='ocr_carea' id='block_1_7' title="bbox 0 0 1618 5217">
    <p class='ocr_par' dir='ltr' id='par_1_8' title="bbox 0 0 1618 5217">
     <span class='ocr_line' id='line_1_36' title="bbox 0 0 1618 5217; baseline 0 5"><span class='ocrx_word' id='word_1_251' title='bbox 0 0 1618 5217; x_wconf 95' lang='lat' dir='ltr'><strong> </strong></span> 
     </span>
    </p>
   </div>
  </div>
 </body>
</html>
