3225 5217
226 469 456 588 ¹106·

288 697 463 775 accedere,
486 715 544 760 eos
567 696 686 780 quibus
709 717 774 760 non
797 694 875 761 licet
895 699 936 761 iis
959 697 1024 761 frui
1045 717 1085 761 ao
1106 697 1287 782 percipere,
1309 697 1428 758 timens
1457 744 1461 757 .

286 810 377 892 illum
400 809 542 874 sordidis
566 810 712 874 vestibus
734 810 882 873 indutum
906 813 939 873 in
961 809 1145 901 Evangelio
1162 809 1200 892 ¹),
1225 811 1281 892 qui
1303 807 1428 892 longis·
1496 853 1499 858 s

287 924 368 985 sime
391 921 454 984 fuit
477 922 636 1006 expulsus
659 943 679 984 a
701 921 839 1006 nuptiali
870 924 1035 999 convivio,
1067 925 1219 1004 quoniam
1241 943 1306 984 non
1327 941 1429 1007 prue-

286 1041 464 1117 puraverat
499 1042 627 1098 vestem
669 1037 919 1098 convenientem
959 1033 1069 1097 divino
1112 1033 1159 1097 illi
1199 1033 1306 1118 epulo.
1373 1034 1428 1120 Ad

286 1145 352 1209 hoo
382 1153 493 1210 autem
526 1166 609 1230 opus
642 1165 703 1210 nos
734 1147 993 1231 componendum
1027 1149 1194 1227 venimus,
1233 1167 1299 1210 nou
1335 1167 1427 1231 spem

286 1265 447 1341 ponentes
469 1259 503 1320 in
525 1257 679 1320 facundia
701 1259 925 1342 suavibusque
956 1259 1076 1323 fabulis
1107 1267 1140 1322 et
1166 1261 1261 1344 nugis
1291 1267 1427 1342 arteque

286 1368 415 1432 dicendi
428 1367 641 1450 Graecorum,
664 1374 856 1434 necunnati
875 1372 994 1456 jambis
1017 1373 1163 1436 trucibus
1187 1381 1222 1435 et
1243 1371 1427 1435 inutilibus:

286 1479 453 1544 Christum
476 1483 560 1545 enim
583 1483 826 1547 habemusviae
842 1483 969 1566 ducem,
992 1483 1426 1568 quiGraeoamsapientiam

286 1593 366 1657 dicit
398 1614 473 1657 osse
508 1595 678 1658 stultitiam
712 1603 746 1658 et
776 1598 882 1659 crucis
918 1598 1152 1660 extinctionem
1166 1594 1202 1680 ⁸²).
1246 1596 1428 1679 Loquirnur

183 1755 186 1761 ,
286 1708 371 1770 enim
394 1705 437 1769 de
465 1705 575 1770 divina
597 1705 783 1791 Scriptum,
819 1727 903 1789 quae
934 1710 1087 1792 exposita
1116 1706 1249 1790 quidem
1278 1708 1342 1770 luit
1367 1727 1428 1792 per

285 1817 450 1900 quandum
473 1822 564 1882 vocis
587 1822 778 1884 tenuitatem
802 1828 836 1882 ot
865 1819 997 1904 linguae
1025 1819 1228 1898 tarditat-em,
1262 1841 1283 1883 u
1312 1821 1426 1904 paucis

283 1939 393 1994 sutem
418 1939 469 1994 est
490 1932 682 1994 confirmata
706 1939 892 2012 stomata,
922 1934 1027 2016 iisque
1050 1933 1238 2017 agrestibus
1262 1940 1295 1996 et
1315 1933 1428 2016 pisca-

283 2043 410 2107 toribus
433 2050 467 2106 et
489 2044 655 2119 sutoribus
674 2052 708 2108 et
725 2045 903 2108 illiteratis:
926 2044 1119 2130 pudoreque
1133 2047 1247 2109 offecit
1260 2048 1426 2130 sapientes

285 2175 410 2238 eosque
433 2155 577 2220 ostendit
607 2156 726 2220 stultos
756 2164 790 2220 ct
822 2155 962 2220 inutiles.
1008 2156 1229 2236 Quamobrem
1258 2159 1292 2220 in
1324 2173 1426 2242 prue-

283 2269 398 2347 sentia,
422 2288 441 2330 a
463 2267 558 2331 nobis
579 2287 645 2330 non
668 2267 795 2332 dicotur
818 2267 859 2332 de
882 2268 997 2352 figuris
1022 2277 1055 2332 et
1076 2269 1274 2347 intervallis,
1297 2289 1358 2332 neo
1380 2268 1422 2332 de

283 2371 589 2448 circumactionibus
612 2387 647 2442 et
672 2381 815 2445 motibus
849 2387 882 2444 ct
910 2380 1126 2465 regressibus
1144 2383 1176 2444 in
1209 2363 1299 2445 suos
1320 2379 1421 2461 locos,

281 2511 343 2554 nee
357 2490 408 2554 -de
429 2492 587 2575 posituris
610 2500 643 2553 et
664 2492 922 2573 alterationibus,
945 2484 1007 2556 neo
1024 2493 1065 2556 de
1085 2493 1281 2564 mot-ibusin
1300 2492 1423 2574 orbem,

281 2623 343 2666 neo
367 2601 408 2666 de
431 2602 642 2687 antipodibus
666 2605 763 2670 etde
786 2605 935 2690 partibus
959 2605 1043 2670 coeli
1066 2613 1099 2670 et
1118 2604 1250 2670 Saturni
1272 2604 1425 2684 motibus,

282 2734 343 2776 neo
365 2714 408 2778 de
431 2715 628 2783 oooli.motu
652 2725 685 2780 et
705 2717 873 2802 gradibus,
897 2735 959 2781 nec
975 2717 1017 2781 de
1037 2719 1134 2782 lunae
1148 2726 1222 2782 ortu
1236 2717 1424 2800 etdeiectu,

281 2847 391 2909 neque
421 2845 535 2892 rursus
562 2827 605 2891 de
634 2830 732 2892 ostris
763 2837 796 2892 et
826 2823 1046 2914 singularibus
1076 2851 1162 2914 quoe
1182 2833 1227 2894 in
1262 2832 1309 2894 eis
1344 2847 1426 2894 con-

282 2933 467 3006 siderantur
488 2939 613 3022 stellis3
646 2941 777 3004 nonde
807 2950 880 3004 ortu
904 2961 1062 3024 uquarum
1086 2952 1120 3006 et
1147 2941 1422 3022 inundationibus

260 3043 326 3114 'ex
361 3052 479 3134 quibus
514 3073 571 3116 cos
603 3073 750 3136 quoque,
784 3057 842 3136 qui
874 3056 907 3116 in
943 3053 1024 3118 locis
1055 3055 1137 3118 fiunt
1166 3063 1273 3119 terrae
1304 3063 1422 3135 motus,

281 3165 409 3228 visione
430 3163 729 3247 apprehenderunt,
752 3168 809 3248 qui
833 3187 869 3229 se
892 3167 924 3228 in
948 3167 1177 3230 mathematico
1200 3175 1234 3230 at
1256 3167 1318 3228 beo
1341 3187 1423 3230 oon-

280 3275 431 3360 jcctursli
453 3285 524 3338 arta
548 3284 785 3358 exercuerunt,
820 3299 840 3340 a
863 3298 928 3360 qua
950 3287 1106 3362 tanquam
1128 3280 1171 3344 ab
1194 3280 1338 3342 exitiosa
1369 3280 1423 3343 lua
1476 3354 1486 3370 ,

280 3386 433 3451 liberavit
462 3386 646 3451 Ecclesiam
674 3408 807 3469 verum,
846 3389 936 3472 quod
970 3392 1003 3453 in
1035 3392 1132 3454 terris
1164 3399 1330 3458 versatum
1364 3399 1424 3470 est,

280 3498 436 3562 Verbum.
480 3499 566 3562 Nam
603 3497 686 3582 quid*
719 3500 801 3563 lucri
840 3503 966 3586 ceperit
1001 3501 1170 3583 Ecclesia,
1211 3505 1240 3566 si
1272 3501 1423 3568 didicerit

279 3612 464 3674 universam
496 3612 673 3674 motionem
704 3612 784 3676 solis
821 3620 853 3676 et
887 3613 982 3678 lunae
1016 3622 1050 3678 et
1080 3613 1164 3677 oosll
1195 3621 1229 3678 et
1259 3622 1368 3678 terrae
1391 3623 1425 3678 et

279 3730 451 3786 ventorum
483 3729 517 3786 et
547 3723 732 3805 stellarum,
765 3735 1006 3809 praeterquam·
1029 3725 1132 3790 solam
1165 3735 1358 3812 pereuntem
1389 3733 1422 3789 et

279 3833 397 3896 falsam
413 3834 621 3918 opinionem?
651 3815 790 3901 Discens
814 3846 923 3901 autern
947 3846 981 3902 et
1003 3837 1149 3918 audiens,
1173 3837 1267 3922 quod¹
1284 3838 1326 3902 ab
1350 3840 1423 3922 ipso

280 3947 353 4010 Deo
377 3947 603 4010 universorum
626 3948 786 4012 effectore
809 3949 929 4014 effecta
958 3958 1034 4015 sunt
1057 3950 1122 4015 duo
1146 3951 1293 4036 opificia,
1324 3971 1422 4013 unum

280 4058 412 4140 quidem
445 4078 511 4141 quo
548 4058 786 4143 produceretur
818 4061 916 4125 bomo
947 4071 981 4126 et
1003 4063 1058 4146 (ut
1088 4062 1190 4127 semol
1219 4061 1345 4144 dicam)
1368 4079 1423 4126 res

280 4173 383 4235 omnis
406 4179 536 4252 ereata,
569 4172 708 4235 alterum
739 4182 849 4238 autem
880 4195 946 4258 quo
974 4174 1059 4239 bene
1089 4183 1178 4240 esset
1205 4181 1239 4239 et
1267 4173 1365 4238 homo
1389 4181 1424 4238 et
1480 4159 1493 4166 ’
1534 4229 1539 4237 .

283 4391 842 4400 -η----,...-.---.------...

348 4533 371 4599 ¹)
389 4534 487 4584 Mattb.
508 4535 556 4599 22,
576 4535 591 4583 2
611 4550 685 4598 seqq.
947 4536 969 4603 ¹)
989 4539 1009 4588 1.
1029 4537 1089 4589 Cor.
1109 4541 1140 4603 3,
1161 4540 1200 4590 lu.

1547 3576 1581 3638 G
