3225 5217
254 4576 264 4609 4

281 471 344 538 168

284 723 286 728 Ι
363 644 440 710 Non
465 646 582 727 video,
613 647 777 730 quomodo
806 648 890 742 haec
916 648 1085 712 Anastasii
1111 647 1216 713 verba
1246 647 1421 712 unasub·

277 759 478 821 stantiationi
506 767 703 845 repugnent.
750 757 855 822 immo
885 780 985 842 quum
1014 759 1103 824 dicat
1137 762 1237 823 etiam
1268 759 1421 844 indignos

276 869 311 930 in
333 872 556 934 communione
583 871 751 954 suscipere
781 890 913 934 carnem
935 869 1058 934 Christi
1085 877 1250 935 terrenam
1276 873 1349 934 sive
1378 869 1422 934 de

276 989 366 1046 terra
394 989 503 1044 natam
533 982 685 1068 (γηγενῆ)
717 991 751 1046 et
781 982 961 1063 visibilem,
999 982 1088 1046 haud
1116 982 1256 1046 obscure
1285 985 1321 1044 iu
1350 983 1420 1065 ejus

276 1095 414 1174 gratiam
436 1095 634 1177 pronuntiat.
678 1091 855 1158 Caeterum
875 1115 954 1157 num
974 1094 1059 1158 haec
1079 1093 1182 1158 verba
1209 1114 1232 1156 a
1258 1093 1421 1158 catholica

276 1213 386 1268 mente
408 1203 613 1285 dissentiant,
636 1203 817 1269 catholicus
839 1204 945 1270 lector
966 1205 1140 1270 discernat.
1173 1203 1263 1270 Sane
1281 1204 1420 1268 cundem

274 1317 310 1382 in
338 1314 469 1378 modum
500 1314 645 1398 loquitur
674 1315 770 1380 divus
792 1316 999 1402 Augustinus
1027 1317 1090 1382 sub
1118 1317 1217 1382 finem
1245 1317 1419 1382 Tractatus

277 1427 328 1490 26.
350 1429 383 1490 in
405 1425 522 1490 Joann.
535 1425 570 1511 ¹).
1364 1474 1367 1481 .

364 1539 528 1626 Optimam
567 1562 645 1625 ergo
676 1539 888 1606 Anastasium
922 1547 1069 1604 nostrum
1096 1540 1255 1606 Sinaitam
1291 1541 1334 1608 de
1359 1540 1419 1608 SS.

276 1649 487 1716 Eucharistia
517 1652 671 1717 habuisse
700 1661 844 1716 mentem
871 1651 1112 1734 concludimus,
1140 1655 1204 1717 nisi
1225 1653 1315 1736 quod
1336 1656 1421 1717 inter

276 1762 461 1826 accidentia
489 1765 584 1848 panis
614 1765 737 1828 etvini
767 1783 852 1847 quae
881 1771 1068 1845 remanent,
1099 1771 1133 1828 et
1162 1786 1249 1848 quae
1277 1768 1318 1830 iis
1339 1766 1420 1830 abs·

277 1872 462 1938 conduntur
487 1896 607 1960 corpus
631 1884 664 1939 et
686 1877 879 1959 sanguinem
909 1873 1052 1950 Christi,
1075 1876 1219 1949 ,forsitan
1245 1897 1327 1962 prae
1349 1877 1420 1941 dis-

276 1986 454 2068 putationis
483 1987 615 2050 fervore
647 2007 763 2070 parum
799 1985 1037 2070 distinguens,·
1062 2008 1148 2070 quae
1175 1991 1210 2052 in
1244 1989 1420 2072 speciebus
1493 1975 1498 1980 ’

276 2096 430 2160 accidunt
457 2099 727 2162 commutationes
761 2098 826 2181 ipsi
861 2100 993 2180 corpori
1021 2105 1056 2162 et
1083 2100 1233 2182 sanguini
1260 2099 1419 2179 attribuit,

276 2189 428 2292 adeoque
458 2211 641 2274 etiamnunc
666 2216 745 2292 post
771 2211 1044 2272 resurrectionem
1073 2229 1193 2293 corpus
1213 2210 1419 2274 Dominicum

277 2320 489 2405 corruptibile
509 2323 543 2384 in
564 2319 773 2383 Eucharistia
794 2317 912 2384 adesse
934 2321 1079 2403 putavit,
1102 2339 1298 2403 quamquam
1320 2328 1418 2384 natu·-
1439 2387 1441 2389 ,

275 2430 345 2496 rale
369 2451 488 2516 corpus
511 2429 634 2494 Christi
655 2437 732 2514 post
753 2433 1028 2496 resurrectionem
1049 2431 1293 2515 incorruptibile
1314 2432 1419 2496 fuisse

277 2544 345 2607 suis
368 2541 449 2607 locis
472 2543 590 2606 asserit
600 2540 635 2624 ²).

363 2651 431 2718 Sed
454 2653 517 2716 hoc
540 2652 672 2737 quidem
696 2672 807 2716 omnes
838 2655 1054 2735 conveniunt,
1084 2655 1182 2717 etiam
1211 2655 1269 2736 qui
1291 2651 1419 2717 Calvini

276 2773 388 2849 partes
417 2772 546 2856 tenent,
575 2764 708 2850 Hodegi
737 2773 906 2830 auctorem
932 2772 1047 2850 aperte
1076 2767 1110 2828 in
1141 2768 1281 2851 gratiam
1306 2773 1419 2829 traus-

275 2875 558 2942 substantiationis
580 2877 672 2961 loqui
695 2883 730 2941 et
751 2872 854 2958 velle,
878 2897 998 2960 eorpus
1020 2875 1145 2942 Christi
1169 2887 1203 2940 et
1226 2876 1418 2960 sanguinem

275 3007 353 3050 vere
377 2995 411 3050 et
432 2987 565 3052 realiter
587 2989 770 3054 substantia
792 3009 853 3053 sua
874 2991 1035 3054 contineri
1054 2988 1115 3052 sub
1132 2988 1306 3072 speciebus
1324 2989 1418 3071 panis

276 3105 309 3162 et
331 3100 398 3160 vini
420 3106 498 3182 post
522 3099 783 3164 benedictionem
806 3101 841 3180 in
861 3097 1110 3179 Eucharistiae.

361 3207 485 3273 Contra
525 3218 635 3274 autem
675 3213 820 3276 sensisse
857 3211 930 3275 vult
965 3209 1168 3273 Aubertinus
1207 3208 1417 3274 Anastasium

273 3319 363 3382 illum
395 3321 537 3404 priorem
567 3325 757 3406 episcopum
786 3321 1028 3386 Antiochenam
1056 3325 1090 3384 in
1120 3320 1321 3385 orationibus
1349 3319 1417 3382 suis

274 3429 337 3513 ,de
359 3433 459 3494 rectis
482 3433 630 3496 veritatis
654 3431 931 3518 dogmatibus“⁴),
953 3453 1073 3517 nempe
1096 3431 1219 3498 Christi
1240 3451 1362 3514 corpus
1385 3436 1419 3492 et

274 3543 466 3626 sanguinem
496 3542 750 3626 haudquaquam
780 3564 859 3608 vere
889 3552 923 3608 et
957 3545 1106 3625 realiter,
1143 3541 1203 3607 sed
1232 3544 1267 3604 in
1295 3543 1417 3603 virtute

273 3660 399 3716 tantum
421 3673 461 3717 ac
483 3653 589 3739 ligura
612 3655 780 3718 exstitisse
803 3653 865 3718 sub
887 3675 973 3740 pane
992 3663 1025 3719 et
1043 3657 1120 3718 vino
1137 3649 1417 3734 Eucharistiois⁵)·

344 3986 366 4052 ¹)
385 3988 446 4038 Vid.
465 3988 544 4038 Brev.
563 3989 639 4038 Rom.
659 3991 686 4038 in
705 3989 777 4039 sesto
796 3987 844 4040 SS.
864 3988 944 4054 Corp.
963 3988 1071 4040 Christi.
1107 3988 1184 4040 Lect.
1205 3993 1219 4041 7
1238 3993 1266 4040 et
1283 3991 1308 4040 8.

342 4080 365 4146 ²)
385 4081 419 4131 cl.
439 4097 497 4146 cap.
519 4083 560 4133 23,
580 4083 630 4132 col.
651 4084 700 4133 299
719 4097 794 4148 seqq.
814 4126 818 4134 .

343 4175 365 4240 ³)
385 4173 484 4227 Oudin.
503 4181 568 4227 torn.
587 4177 621 4226 11.
642 4177 694 4226 col.
714 4177 764 4228 575
783 4191 858 4242 seqq.
1152 4169 1168 4201 '⁴

344 4267 366 4333 ⁶)
385 4269 419 4318 cl.
440 4284 522 4334 supra
540 4285 566 4334 p.
588 4272 646 4322 148.
737 4315 739 4326 .
1172 4319 1176 4330 .

344 4362 366 4427 ⁵)
385 4362 498 4414 hubert.
517 4365 564 4414 lib.
578 4366 600 4414 2.
621 4365 655 4416 de
674 4381 742 4416 secr.
761 4365 847 4416 Euch.
865 4381 892 4432 p.
906 4367 959 4416 894
977 4370 1005 4415 et
1021 4366 1068 4415 lib.
1081 4367 1106 4415 3.
1124 4380 1151 4428 p.
1165 4366 1216 4416 904
1233 4364 1307 4428 apud
1317 4361 1416 4414 Oudin.
1480 4395 1484 4402 ι

274 4460 337 4506 tom.
356 4457 391 4507 11.
411 4459 462 4508 col.
482 4458 531 4508 575
551 4474 624 4525 seqq.
661 4459 740 4520 Quod
759 4459 858 4511 audem
876 4459 974 4510 exinde
993 4458 1116 4509 Oudinus
1135 4459 1201 4510 dicit
1217 4458 1251 4509 de
1269 4457 1415 4508 Anastasio
