3225 5217
267 476 331 540 120

198 685 201 692 ·
264 645 322 712 illo
343 650 516 734 privantur
536 669 634 730 aere,
656 651 734 732 quia
757 648 927 733 elegerunt
947 637 1148 714 notationem
1168 668 1270 733 super
1290 655 1408 732 pectus

266 767 300 828 et
321 768 469 826 ventrem
491 781 552 846 per
574 761 743 826 humorem
765 762 921 846 peccaw‘
935 760 968 844 ¹)

352 871 479 954 „Terra
499 882 610 938 autem
630 875 664 936 in
685 874 848 958 principio
869 870 1118 957 invisibilis²),“
1141 881 1179 938 ut
1189 872 1273 958 legit
1282 880 1407 953 auctor,

266 991 318 1050 est
341 985 371 1048 ei
393 1005 518 1068 „genus
540 984 717 1048 humanum
737 987 811 1048 sive
832 983 985 1050 Ecclesia
998 984 1302 1070 rationepraedita‚
1322 1003 1409 1068 quaa

265 1116 331 1160 non
353 1095 459 1162 solum
481 1118 546 1160 non
567 1095 760 1175 videbatur,
790 1096 851 1162 sed
871 1117 935 1162 nec
955 1097 1106 1162 videbatr
1128 1097 1193 1162 boc
1214 1106 1276 1180 est,
1298 1100 1408 1164 statim

266 1207 308 1272 ab
331 1215 406 1272 ortu
428 1217 499 1274 erat
521 1211 592 1274 sine
615 1208 718 1272 oculis
737 1216 772 1272 et
789 1229 904 1272 meon:
926 1230 1025 1292 quam
1049 1209 1409 1294 excaecavitprinceps

265 1318 473 1386 tenebrarum
485 1319 582 1405 hujus
594 1318 786 1404 saecuh³)“.
807 1319 941 1386 Etideo
958 1320 1065 1405 „dixit
1074 1321 1182 1386 Deus:
1203 1321 1302 1401 „Fiat
1316 1321 1409 1403 lux“‚

267 1430 331 1496 hoc
354 1440 417 1514 est,
439 1429 623 1514 „Christus
646 1452 726 1497 vera
747 1431 819 1514 lux,
841 1431 1409 1515 quaoihuminatomnembominem

249 1545 453 1622 ‚venientem
482 1545 516 1606 in
544 1543 631 1608 hunc
657 1542 832 1623 mundum,
866 1545 979 1608 veniat
1007 1543 1052 1608 ad
1080 1546 1343 1630 generationem,
1373 1551 1411 1609 ut

176 1681 179 1687 ·
265 1653 426 1722 illuminet
446 1663 482 1722 et
503 1655 622 1722 liberet
642 1655 819 1746 homines“
832 1655 869 1739 ⁴).

352 1765 428 1832 Duo
456 1789 556 1852 porro
584 1767 772 1860 luminaria,
803 1788 889 1850 quae
917 1767 998 1832 fecit
1024 1766 1117 1834 Deus
1147 1775 1265 1851 quarto
1292 1767 1347 1832 die
1375 1770 1410 1831 in

266 1877 522 1964 firmamento⁵),
552 1878 604 1944 sol
625 1885 660 1944 et
680 1879 775 1958 luna,
797 1881 877 1944 item
899 1881 932 1944 ei
952 1879 1221 1964 praesignificant
1242 1876 1409 1943 Christum

268 1998 302 2054 et
328 1988 523 2056 Ecclesiam.
574 1991 703 2074 ‚,Nam,
737 1993 803 2072 ait,
841 2012 915 2055 curn
949 1991 1086 2056 fecisset
1112 1990 1206 2055 Deus
1234 1989 1317 2053 baec
1343 1987 1409 2053 duo

267 2100 454 2184 luminaria,
483 2105 593 2170 statim
621 2102 726 2168 solem
755 2103 831 2168 fixit
858 2103 902 2166 ad
929 2111 1037 2166 ortum
1057 2101 1269 2182 firmamenti,
1298 2100 1409 2165 lunam

266 2221 376 2280 autem
405 2213 450 2278 ad
479 2235 650 2296 occasum,
685 2235 747 2280 nos
776 2214 918 2278 docente
946 2213 1010 2278 hoc
1046 2213 1217 2298 exemplo,
1253 2212 1343 2295 quod
1375 2214 1410 2276 in

266 2327 427 2411 principio
449 2323 613 2390 adventus
637 2324 770 2407 Christi,
793 2328 867 2410 ipso
886 2324 1019 2392 Christo
1040 2324 1235 2412 splendente
1256 2327 1290 2388 in
1311 2344 1410 2389 carne

267 2445 526 2520 superterram,
549 2435 672 2502 Christi
694 2457 760 2501 non
782 2436 979 2521 splendebat
999 2437 1165 2505 Ecclesiae
1192 2435 1302 2501 adbuc
1323 2437 1409 2500 enim

267 2548 379 2614 stabat
410 2550 455 2622 in,
475 2569 595 2616 occasu
624 2551 762 2633 peceati.
812 2547 896 2614 Cum
923 2556 1034 2613 autem
1065 2547 1216 2614 Christus
1245 2547 1410 2630 occidens,

266 2661 301 2724 in
323 2659 434 2728 coelos
456 2662 653 2726 accessisset
681 2658 726 2724 ad
746 2660 902 2741 Patrem,
931 2668 1011 2724 tunc
1036 2668 1110 2724 orta
1138 2666 1190 2724 est
1211 2658 1305 2740 luna,
1331 2667 1411 2724 tunc

267 2792 359 2838 suam
382 2771 526 2836 ostendit
548 2773 790 2855 operationem,
820 2776 899 2834 tunc
918 2770 1114 2836 illuminavit
1136 2791 1215 2853 eos,
1237 2773 1411 2855 quierant

267 2886 302 2948 in
332 2884 500 2966 tenebris,
540 2890 618 2948 tuno
655 2884 855 2968 principatus
896 2890 932 2946 et
962 2888 1147 2967 potestates
1181 2889 1215 2948 et
1245 2883 1410 2967 principes

267 2994 477 3062 tenebrarum
498 2994 596 3080 hujus
617 2993 741 3058 saeculi
764 2992 979 3075 conculcavit,
1001 2992 1178 3078 subjiciens
1200 3015 1329 3058 omnem
1347 2993 1411 3058 ob-

269 3127 396 3171 scuram
426 3125 465 3172 ac
493 3105 701 3170 tenebrosam
729 3102 912 3168 diabolicae
942 3108 1165 3188 operationem
1197 3104 1347 3178 fraudem
1377 3113 1412 3169 et
1539 3188 1542 3192 ι

268 3219 496 3304 potestatem“
509 3216 559 3301 ⁴³),¹
579 3216 726 3300 „babens
748 3215 1019 3302 gubernationem
1042 3225 1077 3282 et
1096 3216 1412 3281 administrationem
1468 3221 1471 3225 ’

269 3332 473 3396 auctoritatis
496 3350 602 3414 aquae
625 3337 659 3394 et
680 3330 785 3392 sancti
807 3326 968 3413 Spiritus,
998 3330 1056 3411 qui
1082 3331 1114 3394 ei
1135 3336 1292 3411 tanquam
1312 3327 1412 3392 lunae

269 3463 290 3506 a
319 3440 451 3506 Christo
482 3440 553 3506 sole
581 3439 678 3506 datus
707 3447 758 3507 est
792 3448 826 3504 et
855 3438 1018 3522 creditus,
1052 3448 1091 3506 ut
1121 3461 1183 3504 nos
1215 3460 1277 3525 per
1306 3440 1410 3524 ipsam

269 3573 464 3639 generemur
487 3560 521 3617 et
541 3572 782 3638 regeneremur,
806 3548 913 3616 donec
932 3559 1084 3636 promota
1099 3554 1144 3616 sit
1160 3558 1195 3616 et
1204 3551 1412 3636 praeterierit

269 3685 337 3728 nox
370 3663 479 3758 hujus
499 3662 623 3730 sacculi
656 3672 691 3728 et
720 3683 834 3729 rursus
869 3671 1006 3730 exortus
1040 3663 1142 3728 fuerit
1177 3660 1328 3731 Christus
1361 3659 1414 3726 sol

265 3778 413 3864 justitiae
422 3776 442 3814 “
453 3773 490 3861 ἶ).
1490 3765 1501 3772 ”

356 3887 476 3972 Aquae
486 3872 520 3972 Β)
544 3894 672 3970 autam,
703 3907 787 3970 quas
809 3885 951 3952 educere
969 3887 1070 3972 jussit
1089 3885 1184 3952 Deua
1212 3887 1327 3969 quinto
1359 3884 1413 3952 die

341 4286 363 4354 ¹)
383 4288 429 4338 lib.
448 4287 469 4338 Ι.
489 4286 541 4338 col.
560 4287 619 4338 862.
724 4285 747 4353 ²)
767 4285 834 4338 Gen.
855 4287 885 4352 1,
903 4286 928 4336 i.
1032 4283 1056 4348 ⁸)
1074 4284 1121 4336 lib.
1139 4285 1161 4335 1.
1180 4285 1232 4338 col.
1251 4285 1302 4336 863
1320 4285 1354 4336 Α.

294 4381 296 4385 ’
341 4383 362 4450 ·)
382 4383 446 4434 ibid·
464 4382 496 4433 B·
727 4381 750 4448 ⁸)
769 4381 838 4434 oen.
857 4384 883 4448 1,
902 4383 943 4433 re.
1036 4379 1189 4447 ⁸)1n.1v.
1215 4381 1268 4451 ⁰01·
1287 4381 1338 4432 aas
1355 4379 1412 4430 aa.

342 4478 365 4545 ¹)
383 4476 447 4530 ibid.
464 4479 498 4528 D.
730 4476 754 4542 ⁸)
773 4475 841 4528 Gen.
861 4478 886 4542 1,
905 4477 946 4527 20.
