3225 5217
285 527 348 594 116

282 707 359 766 sunt
381 698 520 765 dicenda
543 698 585 764 de
607 700 718 783 quiete
741 705 776 764 et
796 701 1078 766 consummatione
1099 701 1232 785 septimi
1252 698 1336 782 diei,
1357 719 1424 765 non

282 814 346 877 erit
374 812 534 894 alienum,
563 814 592 876 si
614 811 742 895 aliquas
765 810 889 877 Christi
910 832 1027 894 voces,
1061 833 1145 896 quas
1167 811 1254 876 dixit
1275 811 1318 878 de
1340 833 1424 879 oon·

281 928 516 1006 sufflatione,
555 927 588 988 in
624 925 767 990 medium
803 925 1015 990 adducamus.
1067 923 1154 990 Nam
1190 927 1226 992 in
1263 924 1422 1008 parabola

281 1037 415 1121 quidem
454 1036 568 1102 dacem
607 1039 769 1122 virginum
804 1036 892 1100 dixit
906 1037 947 1119 ¹),
980 1035 1089 1100 media
1116 1044 1214 1102 nocte
1248 1058 1285 1102 aa
1311 1040 1422 1121 ipsum

281 1157 437 1233 tanquam
466 1169 623 1233 sponsum
652 1169 670 1214 e
701 1148 795 1214 coelo
825 1155 1007 1213 venturum.
1061 1146 1173 1212 Media
1205 1168 1274 1212 nox
1310 1153 1421 1213 autem

281 1269 434 1326 censetur
455 1269 574 1344 quarta
595 1280 674 1345 pars
695 1262 803 1326 noctis
832 1267 868 1324 et
894 1259 977 1324 diei:
1012 1258 1084 1342 „Et
1114 1259 1241 1324 iactum
1267 1265 1336 1337 est,
1368 1260 1421 1321 in-

280 1375 370 1456 quit,
403 1359 580 1457 vespere;¹
599 1381 633 1436 et
664 1372 787 1436 iactum
818 1379 871 1436 est
901 1393 1016 1454 mane,
1049 1371 1122 1436 dies
1149 1368 1300 1450 unus²)“.
1338 1369 1421 1434 Dies

280 1492 390 1548 autem
404 1483 527 1550 Christi
549 1483 652 1548 habat
673 1492 802 1568 tempus
824 1482 913 1547 mille
932 1505 1101 1565 annorum,
1122 1489 1158 1546 ut
1170 1486 1242 1567 jum
1263 1484 1302 1546 sit
1318 1483 1421 1546 medio

279 1615 344 1658 uos
362 1597 609 1678 praeseutisdiei
624 1597 744 1679 septimi
760 1596 984 1659 ducentesimus
1005 1597 1272 1680 quaequupeaimua
1288 1594 1419 1658 uuuus.“

237 1683 243 1694 ⁸
280 1705 398 1790 Itaque
421 1710 546 1771 auctori
572 1709 640 1793 jam
662 1727 821 1792 praesens
852 1716 905 1773 est
935 1705 1008 1772 dies
1036 1710 1215 1792 septimus,
1248 1709 1270 1770 'a
1298 1727 1329 1771 e.
1357 1725 1419 1770 sex

281 1818 462 1883 millenaria
482 1820 548 1904 jam
571 1822 760 1904 praeterita.
815 1820 925 1899 Quum
947 1827 1057 1884 aotam
1080 1818 1246 1885 Christum
1267 1821 1420 1884 incarna-

280 1936 348 1994 tum
371 1933 564 2014 apparuisse
587 1930 677 1996 dicat
698 1931 835 1998 meridie
856 1933 946 1996 sexti
968 1930 1035 1996 diei
1055 1951 1115 1998 seu
1136 1952 1223 1996 anuo
1245 1931 1419 2015 quinquies

279 2041 451 2106 millesimo
474 2049 508 2106 et
529 2045 813 2129 quingentesimo,
846 2043 919 2108 dies
945 2046 1104 2129 septimus
1133 2052 1271 2108 neeesse
1303 2049 1355 2106 est
1375 2040 1418 2104 ab

280 2173 365 2218 anno
395 2156 655 2239 quingentesimo
688 2163 765 2240 post
788 2153 956 2221 Christum
985 2163 1096 2219 natum
1125 2157 1270 2240 incipiat
1326 2151 1418 2237 Ergo

279 2273 394 2330 auctor
415 2273 493 2351 post
520 2287 638 2334 annum
660 2268 958 2353 quingentesimum
979 2289 1000 2332 a
1022 2267 1155 2334 Christo
1175 2274 1254 2331 nato
1276 2267 1417 2349 scripsit

279 2376 378 2456 Quod
399 2384 509 2442 autem
532 2377 627 2461 dicit,
646 2380 715 2464 jam
738 2400 813 2445 esse
833 2378 975 2444 mediam
995 2387 1127 2445 noctem
1147 2379 1333 2464 praesentis
1350 2375 1416 2440 diei

279 2491 410 2574 septimi
433 2488 691 2555 ducentesimum
714 2500 747 2556 et
770 2493 1075 2577 quinquagesimum
1093 2511 1231 2573 anuum,
1252 2490 1274 2552 i.
1296 2508 1326 2553 e.
1339 2495 1416 2574 post

278 2600 445 2667 Christum
472 2604 796 2688 septingentesimum
827 2611 862 2668 et
889 2604 1213 2689 quinquagesimum,
1240 2599 1330 2666 haud
1351 2600 1415 2665 ob·

279 2735 376 2779 saure
400 2713 539 2796 indicat,
563 2722 730 2780 auctorem
753 2715 839 2779 hunc
857 2735 977 2780 annum
999 2721 1129 2778 etcum
1151 2734 1193 2778 eo
1207 2733 1415 2778 consumma·

278 2828 399 2890 tionam
420 2827 542 2892 saeculi
555 2829 622 2912 jam
635 2847 739 2912 prope
750 2829 925 2892 instantem
941 2827 1113 2908 habuisse,
1135 2823 1170 2890 id
1192 2822 1281 2908 quod
1293 2825 1417 2908 optime

278 2940 430 3002 convenit
458 2937 635 3004 Anastasio
669 2945 805 3019 nostro,
846 2958 943 3020 quem
972 2937 1059 3002 ultra
1093 2937 1416 3022 septingentesimum

277 3069 396 3112 annum
418 3051 519 3114 vitam
540 3069 741 3135 prorogasse
764 3071 865 3134 supra
887 3048 1037 3114 vidimus.
1069 3047 1203 3112 Minime
1220 3055 1330 3124 autern
1351 3045 1416 3110 hoe

176 3177 178 3184 ’
277 3157 403 3224 calculo
426 3163 474 3224 uti
496 3163 604 3245 potuit
625 3160 823 3228 Anastasius
843 3159 900 3226 ille
921 3169 1060 3244 quartas
1081 3158 1203 3226 Oudiui
1223 3161 1316 3224 initio
1337 3179 1416 3224 sae-
1440 3243 1456 3256 .

276 3271 341 3336 culi
363 3270 444 3352 IX.‚
466 3279 503 3336 ut
524 3279 627 3356 patet
672 3270 741 3338 Sed
762 3293 805 3337 ne
826 3272 916 3337 forte
934 3271 1147 3338 Anastasium
1168 3291 1276 3336 meum
1296 3272 1331 3334 in
1352 3271 1415 3336 hoc

275 3382 402 3448 calculo
424 3403 523 3448 sanae
545 3385 681 3448 rationis
704 3382 836 3448 modum
859 3403 1029 3468 egressum
1051 3403 1126 3449 esse
1144 3385 1330 3464 subtimes,
1352 3402 1415 3446 au-

275 3493 346 3559 dias
367 3494 484 3576 velim‚
508 3516 594 3578 quae
616 3494 794 3581 subjungat
807 3493 844 3579 ³).
880 3494 994 3574 „Haec
1015 3503 1143 3578 autem,
1165 3497 1288 3578 inquit,
1309 3496 1414 3558 inter-

273 3614 386 3690 pretes
408 3605 564 3670 dixerunt
585 3625 646 3692 per
668 3607 890 3692 conJ'eoturam
905 3606 947 3671 ad
965 3608 1062 3671 animi
1074 3608 1326 3688 recreationem,
1347 3625 1413 3668 non

274 3724 384 3782 autern
406 3715 612 3800 definiendo;
645 3721 863 3802 nequeenim
890 3721 1081 3805 ignorarunt
1108 3739 1199 3800 eum,
1229 3719 1287 3801 qui
1314 3716 1413 3781 dixitr

274 3827 348 3908 „De
372 3828 425 3894 die
447 3827 504 3894 illo
528 3837 562 3894 et
583 3829 666 3894 hora
687 3851 783 3896 nemo
805 3832 917 3913 novit,
939 3851 1002 3895 nec
1023 3828 1132 3916 angeli
1154 3830 1240 3894 Dei“
1254 3827 1290 3912 ⁴).
1325 3827 1414 3893 Cae-

273 3945 379 4004 terum
409 3940 519 4022 Deus‚
552 3942 717 4025 inquiunt,
750 3941 925 4008 abscondit
952 3945 1063 4026 ipsum
1098 3941 1186 4006 diem
1216 3949 1251 4006 ct
1280 3939 1413 4022 horam3

272 4059 412 4135 possunt
444 4059 553 4117 autem
583 4059 734 4138 tempora
765 4054 928 4139 conjicere
948 4057 998 4137 ii,
1019 4056 1089 4149 ,qui
1121 4053 1244 4118 habent
1264 4061 1414 4119 sanetum

341 4428 363 4496 ¹)
381 4429 480 4482 Matth.
499 4431 546 4498 st,
564 4434 589 4485 6.
716 4421 721 4426 ’
902 4432 925 4500 ¹)
945 4433 1013 4486 Gen.
1032 4437 1061 4501 1,
1079 4434 1105 4486 ὁ.

343 4523 365 4591 ¹)
385 4526 436 4576 ool.
455 4528 505 4577 941
522 4527 555 4577 Β.
903 4527 926 4595 ⁴)
944 4529 1041 4581 Matth.
1061 4531 1110 4596 24,
1127 4530 1170 4581 36.
