3225 5217
1260 516 1301 581 29
1321 473 1323 477 .

164 689 245 755 haec
268 688 393 755 dicem:
417 694 466 775 „si
478 688 607 776 Corpus
619 687 743 756 Christi
764 688 978 775 corruptibile
1001 690 1093 772 dicis,
1115 694 1301 755 necessario

164 800 245 867 duas
267 804 300 865 in
316 800 450 867 Christo
472 812 606 867 naturas
629 803 777 867 confiteri
800 802 912 867 debes.
945 801 991 865 Et
1013 805 1096 868 haec
1117 802 1181 866 t'uit
1202 822 1302 867 cause

164 936 221 978 cur
244 916 382 999 sejuncti
405 918 501 979 sint“.

250 1026 323 1091 Hos
349 1032 460 1112 itaque
490 1028 675 1093 haereticos
708 1051 944 1116 aggressurus,
978 1038 1055 1114 apte
1088 1026 1221 1111 quidem
1243 1025 1331 1089 Vh-

164 1142 271 1225 capite
295 1162 338 1204 ex
362 1160 401 1203 eo
424 1142 548 1225 incipit,
571 1128 687 1221 „unde
710 1142 883 1206 mouocula
904 1140 1021 1207 Severi
1043 1141 1127 1205 tides
1158 1140 1302 1224 pullula-

163 1255 275 1317 verit“
292 1252 325 1335 ¹).
369 1253 481 1337 Atque
504 1253 663 1319 Severum
687 1254 819 1337 quidem
849 1263 976 1333 narrat,
1010 1253 1053 1316 ob
1081 1272 1185 1337 prava
1216 1272 1302 1334 quae

164 1370 277 1427 contra
288 1364 458 1427 concilium
467 1364 736 1430 Chalcedoneusc
749 1366 941 1450 protulisset
952 1365 1118 1452 dogmata,
1126 1364 1302 1429 Antiochia

163 1474 292 1559 pulsum
304 1476 487 1560 proiectum
500 1496 573 1541 esse
586 1475 835 1559 Alexandriam,
847 1480 880 1540 in
896 1477 997 1559 „illud
1010 1479 1220 1562 serpentium,
1238 1478 1258 1543 i.
1273 1496 1302 1539 e.

165 1582 344 1651 catholicae
366 1586 538 1652 Ecclesiae
558 1588 718 1668 hostium,
740 1588 892 1682 lustrum
901 1591 921 1624 “
935 1588 978 1672 ²),
1017 1588 1128 1671 ibique
1158 1587 1302 1668 „librum

165 1699 323 1780 edidisse,
352 1719 450 1782 quem
474 1708 632 1764 vocarent
654 1693 849 1785 φιλαλήθη,
878 1720 951 1763 cum
973 1702 1084 1785 potius
1107 1692 1304 1785 φιλομυθνζς

165 1816 253 1875 esset
275 1810 506 1890 nominandus,
537 1813 570 1873 iu
593 1832 658 1893 quo
688 1819 843 1895 tunquam
866 1814 1015 1874 vivorum
1045 1819 1079 1876 ct
1100 1818 1302 1874 mortuorum

83 1986 85 1991 ,
109 1928 114 1935 ’
158 1922 264 2007 judex
287 1928 359 1985 cu‘m
382 1924 640 1987 testimoniorum
659 1931 728 1987 tum
746 1926 891 2007 ipsorum
911 1921 1046 1986 Petrum
1062 1924 1303 2007 composuisset

163 2033 324 2114 tabulam,
347 2052 408 2117 pro
431 2033 534 2098 lubitu
558 2033 640 2098 alios
664 2034 795 2117 quidem
818 2033 1015 2117 approbans,
1038 2033 1188 2117 rejiciens
1209 2031 1302 2096 alios.

164 2148 269 2227 Quem
292 2146 409 2210 librum
431 2145 602 2209 Ecclesiae
632 2145 761 2227 hostes,
791 2144 929 2225 Jacobi,
957 2143 1090 2225 Severi,
1113 2142 1303 2225 Theodosii,

163 2258 326 2322 Timothei
348 2258 566 2341 Dioscorique
598 2257 778 2342 discipulos
806 2278 879 2341 per·
895 2255 1025 2340 Syriam
1056 2263 1089 2319 et
1110 2255 1303 2339 Aegyptum

161 2392 241 2457 prae
265 2370 375 2434 divino
398 2368 577 2435 secundum
594 2369 756 2433 Joannem
779 2367 953 2453 evangelio
974 2347 1185 2451 retinerem)
1208 2366 1303 2446 Quae

162 2504 199 2547 se
214 2482 358 2547 scribere
373 2490 514 2547 testatur
535 2504 601 2545 nou
624 2502 667 2545 cx
690 2480 825 2544 aliorum
847 2480 1018 2561 relatione,
1040 2478 1099 2544 sed
1115 2499 1158 2543 ex
1170 2480 1304 2564 propria

166 2596 372 2680 experientia
403 2616 467 2657 nou
496 2594 643 2675 modica,
672 2595 705 2655 in
728 2592 843 2677 Syria,
874 2591 1050 2677 Aegypto,
1078 2590 1303 2655 Alexandriae

163 2704 301 2787 aliisque
323 2706 427 2769 locis“
437 2704 472 2788 ⁴).
507 2704 631 2770 Censet
647 2712 756 2769 autem
767 2703 1019 2787 Mouophysitss
1042 2723 1109 2784 „cx
1121 2700 1303 2767 Aristotele

74 2866 77 2873 .
165 2824 198 2881 et
209 2816 282 2881 aliis
294 2814 504 2882 Graecanicis
514 2815 703 2900 disciplinis,
722 2836 804 2899 quas
822 2834 923 2898 saepe
935 2816 1050 2898 carpit,
1071 2813 1134 2878 hoc
1144 2813 1304 2895 hausisse,

163 2935 199 2989 ut
211 2926 367 3011 dicerent,
390 2936 538 2992 naturam
556 2948 630 2991 csse
648 2948 823 3011 personam
843 2934 877 2991 et
893 2945 1067 3009 personam
1087 2923 1304 3007 naturam“⁵·).'

163 3038 398 3123 „Aristotelem
420 3042 504 3105 euim
528 3038 640 3103 dicere
662 3050 822 3123 personas
846 3056 920 3101 esse
948 3029 1087 3121 μερικάς
1116 3028 1256 3109 οὐσίας“
1269 3034 1304 3117 ⁶).

195 3194 197 3201 ι
248 3151 342 3215 Haec
374 3152 474 3235 igitur
506 3170 606 3233 quum
640 3152 748 3235 cupite
770 3146 828 3212 VI.
851 3145 1064 3228 disseruerit,
1097 3150 1206 3231 capite
1228 3145 1304 3211 VII.

163 3264 268 3328 fusius
291 3262 509 3344 demonstrat,
539 3260 599 3329 SS.
623 3262 759 3325 Patrum
781 3261 969 3324 testimonia
991 3259 1034 3323 ab
1055 3261 1155 3341 impio
1177 3256 1304 3323 Severo

163 3376 286 3460 rejecta
314 3394 404 3456 esse,
439 3375 561 3458 quippe
584 3376 640 3457 qui
669 3373 774 3455 legem
788 3370 790 3377 ’
804 3372 936 3436 tulerit:
969 3369 1118 3454 „multas
1147 3367 1306 3452 loquendi

163 3484 320 3549 formulas
342 3490 490 3549 veterum
512 3486 668 3567 Patrum,
702 3484 778 3549 olim
809 3484 936 3566 absque
958 3483 1027 3546 ullu
1048 3481 1304 3566 reprehensione

164 3605 353 3681 usurpatas,
386 3603 462 3681 post
491 3594 680 3661 Nestorium
714 3616 779 3660 non
810 3594 938 3660 censeri
970 3592 1113 3678 amplius
1142 3600 1233 3656 tutas
1264 3610 1305 3654 sc

165 3805 929 3815 mma—mmm

134 3972 137 3979 .
219 3941 256 4007 ,¹)
274 3942 325 3993 τοι.
346 3942 403 3993 102.
508 3939 682 4005 ²)001.1oe.
787 3936 810 4003 ⁸)
829 3938 880 3988 τοι.
902 3937 960 3988 ros.
1066 3936 1088 4002 ¹)
1106 3936 1170 3988 rste.

233 4038 258 4104 ⁸)
277 4038 328 4087 col.
349 4038 397 4087 107
417 4035 450 4085 ci.
469 4033 521 4086 col.
539 4033 588 4099 66,
607 4035 671 4098 139,
691 4034 749 4084 148.

233 4129 256 4196 ⁸)
275 4125 338 4180 ibid.
357 4130 408 4180 col.
429 4131 485 4181 107.
523 4129 568 4182 Sic
587 4131 669 4180 etiam
686 4128 818 4178 Leontius
833 4126 984 4192 Byzantius
1002 4125 1135 4176 desectis
1153 4129 1206 4175 act
1224 4125 1258 4176 V.
1275 4127 1309 4199 in·

163 4226 216 4277 hue
233 4226 331 4291 refert,
357 4226 490 4276 Joanuem
508 4220 691 4289 Philoponur'n
710 4227 766 4274 tres
786 4222 890 4272 dixisse
913 4225 1025 4271 naturas
1048 4221 1076 4269 lu
1094 4218 1143 4270 SS.
1161 4218 1303 4284 Trinitate,

163 4317 291 4387 „hadistat
315 4315 360 4393 rhu
384 4314 499 4393 ἀφορμὴν
523 4314 573 4369 ἀπὸ
598 4328 648 4369 τῶν
676 4313 872 4389 &parroechiarum
905 4312 937 4366 ¹0
955 4311 1004 4386 γὰρ
1022 4310 1195 4386 Ἀριστοτέλης
1218 4308 1302 4386 φησὶν,

164 4408 204 4469 ὅτι
227 4410 274 4466 alul
296 4423 346 4465 τῶν
371 4408 471 4486 ἀτόμων
494 4408 536 4465 rui
560 4407 657 4486 papisci
682 4406 764 4463 οὐσίαι
780 4403 822 4461 καὶ
840 4404 884 4482 piu
900 4404 1006 4481 aetatu
1043 4406 1153 4474 (Mlgue
1169 4405 1244 4458 Patr.
1262 4421 1302 4472 gr.

162 4514 182 4561 t.
200 4511 242 4561 86.
262 4510 312 4561 col.
333 4506 421 4573 1234)
