3225 5217
1280 503 1319 567 21

184 674 248 739 due
269 676 344 740 illos
366 694 406 739 ae
426 674 632 740 Dominieum
655 674 860 760 sepulcrum,
890 674 1001 758 ibique
1030 676 1104 739 neci
1127 672 1257 739 deditos
1278 673 1322 738 ad

184 808 294 852 orcum
326 786 461 871 demitte
471 789 491 825 “
510 788 545 871 Ι).
595 786 640 851 Et
668 789 702 850 in
734 806 804 870 cap.
829 784 926 867 XII.‚
963 793 1137 870 postquam
1165 784 1321 850 lectorem
1376 802 1380 807 ’

184 903 326 980 monuit,
356 902 413 983 „si
436 902 510 983 quis
537 899 623 963 mals
644 904 753 962 mente
776 918 896 961 arcana
917 899 1075 981 mysterio
1095 897 1233 981 solaque
1254 899 1321 963 fide

182 1011 349 1076 intellecta
370 1014 403 1075 in
425 1010 566 1075 medinm
589 1010 803 1095 produxerit,
833 1030 875 1073 ne
897 1009 1096 1093 respondeat
1118 1010 1149 1073 ei
1171 1008 1214 1072 ad
1236 1009 1321 1074 hene

183 1121 270 1185 illius
293 1125 453 1186 curiosam
482 1114 726 1204 infidelit-stem,
761 1142 802 1185 ne
836 1130 871 1185 et
899 1123 970 1205 ipse
999 1122 1134 1205 incipiat
1164 1106 1320 1187 eum‘illo

183 1236 322 1297 scrutari
353 1254 409 1315 ee,
441 1254 527 1318 quae
556 1254 685 1298 omnem
713 1234 946 1297 scrutationem
973 1240 1009 1296 et
1036 1234 1321 1316 investigationem

183 1320 643 1430 exsuperentsomniumque
672 1352 893 1409 creaturarum
923 1345 1141 1429 cognitionem
1174 1343 1320 1427 fugiant3

182 1457 242 1522 sed
263 1456 463 1541 respondeat
484 1456 531 1519 illi
554 1456 761 1537 „seeundum
785 1477 877 1520 snam
900 1454 1114 1535 stultitiam“,
1136 1455 1320 1539 proferens,

183 1590 268 1653 quse
298 1570 511 1633 communiter
542 1568 584 1633 ab
615 1568 763 1632 omnibus
791 1566 986 1631 Christianis
1017 1566 1253 1649 concedantur,
1288 1575 1322 1632 et

182 1680 249 1745 fide
283 1680 421 1764 simplici
452 1682 486 1743 in
518 1678 670 1744 Ecclesia
705 1687 897 1760 teneantur,
936 1686 970 1741 et
1007 1677 1239 1762 praedicentur
1247 1676 1320 1763 “²):

182 1791 344 1876 ejusmodi
373 1791 621 1874 quaestionibus
654 1812 699 1864 ex
720 1789 761 1854 V.
785 1798 820 1854 et
846 1789 887 1853 N.
915 1789 955 1853 Τ.
983 1789 1204 1874 compluribus
1239 1789 1320 1853 snb-

178 1904 318 1989 junctis,
350 1902 432 1967 hsce
457 1902 565 1966 addit:
599 1902 665 1983 „In
687 1911 842 1987 promptu
870 1901 1012 1965 habeant
1035 1899 1214 1985 prudentes
1239 1901 1322 1965 haec

182 2024 272 2081 erma
295 2024 410 2079 contre
430 2014 677 2098 imprudentes,
706 2016 836 2097 quoties
858 2014 1001 2077 viderint
1030 2032 1088 2077 eos
1117 2013 1258 2097 maligne
1289 2022 1322 2079 et

182 2126 408 2191 fraudulenter
435 2127 604 2191 nobiscum
632 2125 834 2211 disceptare,
866 2134 900 2191 et
928 2126 1015 2189 bunc
1035 2125 1153 2191 librum
1178 2125 1322 2211 maligne

182 2240 336 2323 carpere“
353 2238 389 2323 ³).

267 2348 384 2433 Itaque
415 2352 521 2434 ipsum
553 2371 636 2435 opus
666 2370 704 2413 se
732 2349 873 2434 praebet
894 2350 990 2433 quasi
1016 2341 1133 2413 duce'm
1158 2349 1321 2433 quendam

182 2462 361 2527 catholicae
369 2464 517 2527 veritatis
526 2461 823 2546 propugnatoribus
831 2463 865 2524 in
876 2459 1087 2526 instituendis
1102 2481 1174 2524 cum
1185 2460 1322 2525 hetero-

181 2571 277 2639 doxis
301 2572 577 2658 disputationibus
601 2581 635 2639 et
657 2576 750 2656 que'si
773 2576 946 2639 armarium
968 2581 1165 2658 promptum,
1188 2595 1231 2637 ex
1255 2594 1321 2657 qno

180 2694 310 2749 sumant
331 2684 525 2766 orthodoxi,
549 2684 667 2768 quibus
690 2685 997 2770 Monophysitarum
1020 2685 1114 2751 dolos
1136 2688 1322 2751 machinas-

181 2817 246 2881 que
279 2800 518 2863 convincerent.
571 2797 678 2877 Quum
716 2805 827 2861 autem
860 2818 925 2862 non
959 2799 1213 2884 uniuscnjusque
1247 2820 1321 2864 esse

179 2912 295 2993 possit,
319 2918 484 2975 certamen
508 2929 580 2973 cnm
603 2908 777 2973 haereticis
799 2929 960 2993 prospere
980 2909 1102 2992 subire,
1124 2911 1221 2974 immo
1236 2932 1322 2975 non-

179 3020 268 3084 nulla
299 3023 525 3103 requirantur,
558 3019 676 3103 quibus
700 3022 823 3105 optime
845 3022 1038 3084 instructum
1062 3040 1135 3085 esse
1159 3028 1322 3105 oporteat,

181 3133 329 3215 quisquis
350 3153 420 3197 rem
443 3131 584 3196 feliciter
613 3152 729 3216 gerere
751 3131 849 3213 velit,
882 3152 962 3195 sene
983 3153 1049 3195 non
1070 3134 1182 3217 inepte
1206 3140 1320 3197 auctor

179 3246 272 3328 ponit
302 3246 336 3307 in
366 3246 439 3327 ipso
471 3244 580 3327 operis
609 3244 701 3307 initio
724 3264 795 3328 cap.
819 3242 845 3307 I.
883 3246 1159 3326 ,propymousiem
1192 3243 1321 3326 breuem,

180 3357 379 3419 instruentem
409 3356 570 3439 quemlibet
597 3357 784 3434 studiosum,
817 3357 851 3416 in
879 3356 988 3438 quibus
1015 3375 1080 3418 sese
1113 3362 1184 3419 eote
1217 3356 1322 3419 ottenis

181 3487 326 3533 coercere
356 3474 385 3531 et
415 3487 546 3551 quorsom
574 3469 716 3531 notitiam
739 3486 858 3549 parere
889 3467 1019 3530 debeel“
1036 3465 1071 3552 ⁴).
1116 3467 1209 3546 Quae
1240 3487 1321 3551 pro-

180 3581 351 3663 gymnasia
373 3600 472 3662 quum
495 3578 640 3645 nonnihil
661 3581 837 3660 contineat,
860 3577 1093 3661 quodlectoris
1105 3577 1321 3643 mentemde-

178 3688 301 3755 lectere
323 3693 440 3775 pessit,
463 3690 625 3774 simulque
648 3692 704 3755 fini
725 3710 799 3755 meo
827 3689 951 3773 aliquid
975 3691 1125 3755 conferre
1151 3689 1320 3755 videatur:

182 3821 252 3865 eam
275 3804 435 3887 integram
454 3803 550 3887 juvat
571 3803 624 3866 hic
640 3804 824 3887 apponere.
867 3801 1021 3885 Requirit
1042 3810 1151 3867 antem
1175 3802 1272 3865 haec:

257 3915 286 3977 1.
310 3912 379 3995 „Ut
400 3913 567 3979 studiosus
587 3923 664 3979 ente
684 3915 904 3979 omniavitem
925 3914 1096 3979 honestam
1119 3934 1320 4000 gravemque

312 4024 426 4108 ducat,
450 4034 483 4089 et
505 4025 664 4110 Spiritum
687 4024 844 4091 Sanctum
864 4024 1004 4089 incolam
1026 4027 1059 4087 in
1081 4045 1119 4089 se
1140 4025 1269 4089 habeat.

179 4239 248 4244 --η
259 4239 297 4244 .,..
309 4239 357 4243 --..
383 4239 406 4243 -..
436 4240 441 4243 .
455 4239 494 4243 .---
505 4240 509 4244 .
525 4239 591 4244 --..-
601 4238 1026 4244 .-.—-.—-——-.—-—-—-.-—.-
1038 4238 1134 4245 ....-....

250 4396 272 4462 ¹)
290 4398 341 4449 col.
362 4398 412 4449 243
429 4398 461 4447 B.
771 4396 794 4462 ²)
814 4398 864 4449 eol.
885 4399 936 4449 283

249 4490 463 4556 mmmm
776 4491 972 4557 emma
