<?xml version="1.0" encoding="UTF-8"?>
<!DOCTYPE html PUBLIC "-//W3C//DTD XHTML 1.0 Transitional//EN"
    "http://www.w3.org/TR/xhtml1/DTD/xhtml1-transitional.dtd">
<html xmlns="http://www.w3.org/1999/xhtml" xml:lang="en" lang="en">
 <head>
  <title>
</title>
<meta http-equiv="Content-Type" content="text/html;charset=utf-8" />
  <meta name='ocr-system' content='tesseract 3.04.00' />
  <meta name='ocr-capabilities' content='ocr_page ocr_carea ocr_par ocr_line ocrx_word'/>
</head>
<body>
  <div class='ocr_page' id='page_1' title='image "./deanastasiosina00kumpgoog_0164.png"; bbox 0 0 3225 5217; ppageno 0'>
   <div class='ocr_carea' id='block_1_1' title="bbox 300 529 420 595">
    <p class='ocr_par' dir='ltr' id='par_1_1' title="bbox 300 529 420 595">
     <span class='ocr_line' id='line_1_1' title="bbox 300 529 420 595; baseline -0.017 0"><span class='ocrx_word' id='word_1_1' title='bbox 300 529 362 595; x_wconf 82' lang='grc'>138</span> <span class='ocrx_word' id='word_1_2' title='bbox 408 559 420 570; x_wconf 94' lang='grc'><strong>-</strong></span> 
     </span>
    </p>
   </div>
   <div class='ocr_carea' id='block_1_2' title="bbox 291 669 1501 3033">
    <p class='ocr_par' dir='ltr' id='par_1_2' title="bbox 291 669 1501 3033">
     <span class='ocr_line' id='line_1_2' title="bbox 296 669 1437 791; baseline 0.005 -25"><span class='ocrx_word' id='word_1_3' title='bbox 296 703 351 781; x_wconf 85' lang='lat' dir='ltr'>fit,</span> <span class='ocrx_word' id='word_1_4' title='bbox 380 711 417 767; x_wconf 89' lang='lat' dir='ltr'>ut</span> <span class='ocrx_word' id='word_1_5' title='bbox 444 669 590 789; x_wconf 78' lang='lat' dir='ltr'>integros</span> <span class='ocrx_word' id='word_1_6' title='bbox 618 703 690 769; x_wconf 89' lang='lat' dir='ltr'>dies</span> <span class='ocrx_word' id='word_1_7' title='bbox 717 707 751 770; x_wconf 92' lang='lat' dir='ltr'>in</span> <span class='ocrx_word' id='word_1_8' title='bbox 772 704 925 787; x_wconf 73' lang='lat' dir='ltr'>theatris,</span> <span class='ocrx_word' id='word_1_9' title='bbox 952 712 987 769; x_wconf 88' lang='lat' dir='ltr'>et</span> <span class='ocrx_word' id='word_1_10' title='bbox 1008 705 1218 790; x_wconf 88' lang='lat' dir='ltr'>turpiloquiis</span> <span class='ocrx_word' id='word_1_11' title='bbox 1247 715 1281 771; x_wconf 87' lang='lat' dir='ltr'>et</span> <span class='ocrx_word' id='word_1_12' title='bbox 1302 707 1437 791; x_wconf 89' lang='lat' dir='ltr'>reliquis</span> 
     </span>
     <span class='ocr_line' id='line_1_3' title="bbox 298 813 1439 910; baseline 0.006 -33"><span class='ocrx_word' id='word_1_13' title='bbox 298 813 420 881; x_wconf 89' lang='lat' dir='ltr'>diaboli</span> <span class='ocrx_word' id='word_1_14' title='bbox 443 817 596 901; x_wconf 88' lang='lat' dir='ltr'>operibus</span> <span class='ocrx_word' id='word_1_15' title='bbox 620 819 771 902; x_wconf 88' lang='lat' dir='ltr'>occupati</span> <span class='ocrx_word' id='word_1_16' title='bbox 793 839 857 881; x_wconf 89' lang='lat' dir='ltr'>non</span> <span class='ocrx_word' id='word_1_17' title='bbox 871 816 1102 910; x_wconf 81' lang='lat' dir='ltr'>defatigemur,</span> <span class='ocrx_word' id='word_1_18' title='bbox 1124 818 1217 900; x_wconf 91' lang='lat' dir='ltr'>cibo,</span> <span class='ocrx_word' id='word_1_19' title='bbox 1239 819 1337 882; x_wconf 86' lang='lat' dir='ltr'>domo</span> <span class='ocrx_word' id='word_1_20' title='bbox 1360 840 1439 884; x_wconf 89' lang='lat' dir='ltr'>cae-</span> 
     </span>
     <span class='ocr_line' id='line_1_4' title="bbox 296 929 1439 1014; baseline 0.003 -22"><span class='ocrx_word' id='word_1_21' title='bbox 296 929 443 1010; x_wconf 77' lang='lat' dir='ltr'><strong>terisque</strong></span> <span class='ocrx_word' id='word_1_22' title='bbox 465 929 565 994; x_wconf 88' lang='lat' dir='ltr'>rebus</span> <span class='ocrx_word' id='word_1_23' title='bbox 588 933 783 994; x_wconf 88' lang='lat' dir='ltr'>necessariis</span> <span class='ocrx_word' id='word_1_24' title='bbox 804 937 941 1014; x_wconf 88' lang='lat' dir='ltr'>propter</span> <span class='ocrx_word' id='word_1_25' title='bbox 962 950 1048 992; x_wconf 89' lang='lat' dir='ltr'>vana</span> <span class='ocrx_word' id='word_1_26' title='bbox 1068 929 1126 993; x_wconf 85' lang='lat' dir='ltr'>illa</span> <span class='ocrx_word' id='word_1_27' title='bbox 1147 938 1181 994; x_wconf 88' lang='lat' dir='ltr'>et</span> <span class='ocrx_word' id='word_1_28' title='bbox 1202 929 1328 994; x_wconf 87' lang='lat' dir='ltr'>ludicra</span> <span class='ocrx_word' id='word_1_29' title='bbox 1358 952 1439 995; x_wconf 90' lang='lat' dir='ltr'>con-</span> 
     </span>
     <span class='ocr_line' id='line_1_5' title="bbox 296 1023 1439 1128; baseline 0 -22"><span class='ocrx_word' id='word_1_30' title='bbox 296 1043 434 1126; x_wconf 88' lang='lat' dir='ltr'>temptui</span> <span class='ocrx_word' id='word_1_31' title='bbox 457 1048 490 1106; x_wconf 91' lang='lat' dir='ltr'>et</span> <span class='ocrx_word' id='word_1_32' title='bbox 511 1041 678 1128; x_wconf 88' lang='lat' dir='ltr'>neglectui</span> <span class='ocrx_word' id='word_1_33' title='bbox 706 1041 837 1106; x_wconf 88' lang='lat' dir='ltr'>habitis.</span> <span class='ocrx_word' id='word_1_34' title='bbox 879 1040 928 1106; x_wconf 88' lang='lat' dir='ltr'>At</span> <span class='ocrx_word' id='word_1_35' title='bbox 956 1044 989 1105; x_wconf 89' lang='lat' dir='ltr'>in</span> <span class='ocrx_word' id='word_1_36' title='bbox 1009 1041 1161 1106; x_wconf 84' lang='lat' dir='ltr'>Ecclesia</span> <span class='ocrx_word' id='word_1_37' title='bbox 1182 1023 1248 1107; x_wconf 87' lang='lat' dir='ltr'>Dei</span> <span class='ocrx_word' id='word_1_38' title='bbox 1273 1063 1315 1107; x_wconf 92' lang='lat' dir='ltr'>ne</span> <span class='ocrx_word' id='word_1_39' title='bbox 1342 1064 1439 1107; x_wconf 88' lang='lat' dir='ltr'>unam</span> 
     </span>
     <span class='ocr_line' id='line_1_6' title="bbox 297 1151 1439 1238; baseline 0.001 -21"><span class='ocrx_word' id='word_1_40' title='bbox 297 1153 428 1238; x_wconf 87' lang='lat' dir='ltr'>quidem</span> <span class='ocrx_word' id='word_1_41' title='bbox 461 1154 576 1218; x_wconf 87' lang='lat' dir='ltr'>horam</span> <span class='ocrx_word' id='word_1_42' title='bbox 613 1156 752 1218; x_wconf 85' lang='lat' dir='ltr'>orationi</span> <span class='ocrx_word' id='word_1_43' title='bbox 781 1162 816 1218; x_wconf 87' lang='lat' dir='ltr'>et</span> <span class='ocrx_word' id='word_1_44' title='bbox 851 1153 985 1218; x_wconf 90' lang='lat' dir='ltr'>lectioni</span> <span class='ocrx_word' id='word_1_45' title='bbox 1020 1151 1117 1234; x_wconf 87' lang='lat' dir='ltr'>dare,</span> <span class='ocrx_word' id='word_1_46' title='bbox 1152 1152 1293 1237; x_wconf 89' lang='lat' dir='ltr'>Deoque</span> <span class='ocrx_word' id='word_1_47' title='bbox 1328 1164 1439 1219; x_wconf 88' lang='lat' dir='ltr'>astare</span> 
     </span>
     <span class='ocr_line' id='line_1_7' title="bbox 295 1264 1439 1350; baseline 0.001 -20"><span class='ocrx_word' id='word_1_48' title='bbox 295 1265 463 1347; x_wconf 88' lang='lat' dir='ltr'>volumus;</span> <span class='ocrx_word' id='word_1_49' title='bbox 492 1264 554 1330; x_wconf 86' lang='lat' dir='ltr'>sed</span> <span class='ocrx_word' id='word_1_50' title='bbox 583 1266 625 1329; x_wconf 88' lang='lat' dir='ltr'>ab</span> <span class='ocrx_word' id='word_1_51' title='bbox 647 1264 799 1332; x_wconf 77' lang='lat' dir='ltr'>Ecclesia</span> <span class='ocrx_word' id='word_1_52' title='bbox 822 1286 920 1348; x_wconf 89' lang='lat' dir='ltr'>quam</span> <span class='ocrx_word' id='word_1_53' title='bbox 942 1269 1099 1350; x_wconf 89' lang='lat' dir='ltr'>primum,</span> <span class='ocrx_word' id='word_1_54' title='bbox 1128 1286 1196 1343; x_wconf 72' lang='lat' dir='ltr'>nou</span> <span class='ocrx_word' id='word_1_55' title='bbox 1216 1286 1314 1331; x_wconf 87' lang='lat' dir='ltr'>aecus</span> <span class='ocrx_word' id='word_1_56' title='bbox 1335 1287 1376 1331; x_wconf 92' lang='lat' dir='ltr'>ac</span> <span class='ocrx_word' id='word_1_57' title='bbox 1396 1267 1439 1331; x_wconf 90' lang='lat' dir='ltr'>ab</span> 
     </span>
     <span class='ocr_line' id='line_1_8' title="bbox 295 1376 1501 1463; baseline 0 -20"><span class='ocrx_word' id='word_1_58' title='bbox 295 1377 431 1444; x_wconf 77' lang='lat' dir='ltr'>ardente</span> <span class='ocrx_word' id='word_1_59' title='bbox 453 1399 545 1463; x_wconf 86' lang='lat' dir='ltr'>rogo,</span> <span class='ocrx_word' id='word_1_60' title='bbox 569 1376 721 1463; x_wconf 83' lang='lat' dir='ltr'>expediri</span> <span class='ocrx_word' id='word_1_61' title='bbox 743 1377 986 1458; x_wconf 79' lang='lat' dir='ltr'>contendimus,</span> <span class='ocrx_word' id='word_1_62' title='bbox 1014 1385 1049 1442; x_wconf 88' lang='lat' dir='ltr'>st</span> <span class='ocrx_word' id='word_1_63' title='bbox 1075 1376 1168 1442; x_wconf 82' lang='lat' dir='ltr'>side</span> <span class='ocrx_word' id='word_1_64' title='bbox 1191 1376 1303 1442; x_wconf 88' lang='lat' dir='ltr'>divino</span> <span class='ocrx_word' id='word_1_65' title='bbox 1323 1377 1440 1443; x_wconf 84' lang='lat' dir='ltr'>Evan-</span> <span class='ocrx_word' id='word_1_66' title='bbox 1492 1445 1501 1452; x_wconf 65' lang='grc'><strong><em>,</em></strong></span> 
     </span>
     <span class='ocr_line' id='line_1_9' title="bbox 295 1488 1438 1576; baseline -0.001 -21"><span class='ocrx_word' id='word_1_67' title='bbox 295 1490 383 1576; x_wconf 84' lang='lat' dir='ltr'>gelio</span> <span class='ocrx_word' id='word_1_68' title='bbox 402 1488 531 1576; x_wconf 85' lang='lat' dir='ltr'>longior</span> <span class='ocrx_word' id='word_1_69' title='bbox 548 1492 735 1554; x_wconf 88' lang='lat' dir='ltr'>instituatur</span> <span class='ocrx_word' id='word_1_70' title='bbox 752 1493 912 1572; x_wconf 70' lang='lat' dir='ltr'>recitatio,</span> <span class='ocrx_word' id='word_1_71' title='bbox 933 1488 1171 1575; x_wconf 85' lang='lat' dir='ltr'>indignabundi</span> <span class='ocrx_word' id='word_1_72' title='bbox 1182 1489 1438 1556; x_wconf 61' lang='lat' dir='ltr'>circumstamta.</span> 
     </span>
     <span class='ocr_line' id='line_1_10' title="bbox 294 1601 1439 1688; baseline 0.002 -22"><span class='ocrx_word' id='word_1_73' title='bbox 294 1601 340 1666; x_wconf 84' lang='lat' dir='ltr'>Et</span> <span class='ocrx_word' id='word_1_74' title='bbox 373 1604 400 1666; x_wconf 90' lang='lat' dir='ltr'>si</span> <span class='ocrx_word' id='word_1_75' title='bbox 438 1601 595 1668; x_wconf 88' lang='lat' dir='ltr'>sacerdos</span> <span class='ocrx_word' id='word_1_76' title='bbox 632 1622 748 1687; x_wconf 87' lang='lat' dir='ltr'>preces</span> <span class='ocrx_word' id='word_1_77' title='bbox 782 1602 881 1688; x_wconf 89' lang='lat' dir='ltr'>paulo</span> <span class='ocrx_word' id='word_1_78' title='bbox 919 1601 1042 1666; x_wconf 88' lang='lat' dir='ltr'>diutius</span> <span class='ocrx_word' id='word_1_79' title='bbox 1082 1602 1273 1685; x_wconf 88' lang='lat' dir='ltr'>protrahat,</span> <span class='ocrx_word' id='word_1_80' title='bbox 1306 1605 1439 1668; x_wconf 87' lang='lat' dir='ltr'>tristitia</span> 
     </span>
     <span class='ocr_line' id='line_1_11' title="bbox 295 1711 1438 1797; baseline 0 -19"><span class='ocrx_word' id='word_1_81' title='bbox 295 1713 473 1795; x_wconf 79' lang='lat' dir='ltr'>afficimur,</span> <span class='ocrx_word' id='word_1_82' title='bbox 504 1711 728 1797; x_wconf 84' lang='lat' dir='ltr'>socordesque</span> <span class='ocrx_word' id='word_1_83' title='bbox 759 1713 936 1795; x_wconf 79' lang='lat' dir='ltr'>efficimur3</span> <span class='ocrx_word' id='word_1_84' title='bbox 970 1721 1004 1778; x_wconf 89' lang='lat' dir='ltr'>et</span> <span class='ocrx_word' id='word_1_85' title='bbox 1032 1716 1062 1778; x_wconf 87' lang='lat' dir='ltr'>si</span> <span class='ocrx_word' id='word_1_86' title='bbox 1091 1716 1119 1778; x_wconf 88' lang='lat' dir='ltr'>is</span> <span class='ocrx_word' id='word_1_87' title='bbox 1150 1715 1207 1797; x_wconf 88' lang='lat' dir='ltr'>qui</span> <span class='ocrx_word' id='word_1_88' title='bbox 1235 1716 1438 1778; x_wconf 89' lang='lat' dir='ltr'>incruentum</span> 
     </span>
     <span class='ocr_line' id='line_1_12' title="bbox 295 1825 1439 1910; baseline 0.002 -21"><span class='ocrx_word' id='word_1_89' title='bbox 295 1825 489 1890; x_wconf 84' lang='lat' dir='ltr'>sacrificium</span> <span class='ocrx_word' id='word_1_90' title='bbox 524 1825 637 1908; x_wconf 81' lang='lat' dir='ltr'>offert,</span> <span class='ocrx_word' id='word_1_91' title='bbox 671 1825 726 1890; x_wconf 88' lang='lat' dir='ltr'>vel</span> <span class='ocrx_word' id='word_1_92' title='bbox 762 1825 931 1910; x_wconf 89' lang='lat' dir='ltr'>paululum</span> <span class='ocrx_word' id='word_1_93' title='bbox 965 1833 1153 1908; x_wconf 87' lang='lat' dir='ltr'>cunctetur,</span> <span class='ocrx_word' id='word_1_94' title='bbox 1189 1825 1374 1891; x_wconf 79' lang='lat' dir='ltr'>fastidimus</span> <span class='ocrx_word' id='word_1_95' title='bbox 1405 1834 1439 1891; x_wconf 88' lang='lat' dir='ltr'>et</span> 
     </span>
     <span class='ocr_line' id='line_1_13' title="bbox 295 1936 1439 2023; baseline 0 -20"><span class='ocrx_word' id='word_1_96' title='bbox 295 1941 470 2003; x_wconf 84' lang='lat' dir='ltr'>oscitamus</span> <span class='ocrx_word' id='word_1_97' title='bbox 493 1945 527 2002; x_wconf 90' lang='lat' dir='ltr'>et</span> <span class='ocrx_word' id='word_1_98' title='bbox 548 1947 615 2002; x_wconf 89' lang='lat' dir='ltr'>tam</span> <span class='ocrx_word' id='word_1_99' title='bbox 637 1939 752 2023; x_wconf 88' lang='lat' dir='ltr'>paucis</span> <span class='ocrx_word' id='word_1_100' title='bbox 774 1937 817 2002; x_wconf 91' lang='lat' dir='ltr'>ab</span> <span class='ocrx_word' id='word_1_101' title='bbox 840 1939 987 2002; x_wconf 83' lang='lat' dir='ltr'>oratione</span> <span class='ocrx_word' id='word_1_102' title='bbox 1009 1957 1107 2020; x_wconf 91' lang='lat' dir='ltr'>quam</span> <span class='ocrx_word' id='word_1_103' title='bbox 1129 1958 1150 2000; x_wconf 85' lang='lat' dir='ltr'>a</span> <span class='ocrx_word' id='word_1_104' title='bbox 1175 1937 1331 2002; x_wconf 90' lang='lat' dir='ltr'>tribunali</span> <span class='ocrx_word' id='word_1_105' title='bbox 1351 1936 1439 2003; x_wconf 88' lang='lat' dir='ltr'>libe-</span> 
     </span>
     <span class='ocr_line' id='line_1_14' title="bbox 294 2037 1490 2134; baseline 0.001 -20"><span class='ocrx_word' id='word_1_106' title='bbox 294 2053 359 2114; x_wconf 88' lang='lat' dir='ltr'>rari</span> <span class='ocrx_word' id='word_1_107' title='bbox 388 2049 575 2130; x_wconf 88' lang='lat' dir='ltr'>studemus,</span> <span class='ocrx_word' id='word_1_108' title='bbox 608 2058 709 2134; x_wconf 89' lang='lat' dir='ltr'>utque</span> <span class='ocrx_word' id='word_1_109' title='bbox 740 2049 783 2114; x_wconf 88' lang='lat' dir='ltr'>ad</span> <span class='ocrx_word' id='word_1_110' title='bbox 805 2070 909 2114; x_wconf 88' lang='lat' dir='ltr'>vanas</span> <span class='ocrx_word' id='word_1_111' title='bbox 931 2051 1077 2114; x_wconf 85' lang='lat' dir='ltr'>actiones</span> <span class='ocrx_word' id='word_1_112' title='bbox 1100 2048 1356 2134; x_wconf 86' lang='lat' dir='ltr'>voluptatesque</span> <span class='ocrx_word' id='word_1_113' title='bbox 1377 2072 1438 2115; x_wconf 88' lang='lat' dir='ltr'>nos</span> <span class='ocrx_word' id='word_1_114' title='bbox 1471 2037 1490 2042; x_wconf 54' lang='grc'><strong>’</strong></span> 
     </span>
     <span class='ocr_line' id='line_1_15' title="bbox 293 2158 1437 2248; baseline 0 -22"><span class='ocrx_word' id='word_1_115' title='bbox 293 2164 499 2248; x_wconf 86' lang='lat' dir='ltr'>recipiamus,</span> <span class='ocrx_word' id='word_1_116' title='bbox 515 2161 682 2227; x_wconf 88' lang='lat' dir='ltr'>adiabolo</span> <span class='ocrx_word' id='word_1_117' title='bbox 700 2158 905 2247; x_wconf 77' lang='lat' dir='ltr'>impellimur.</span> <span class='ocrx_word' id='word_1_118' title='bbox 934 2160 1083 2226; x_wconf 83' lang='lat' dir='ltr'>Grandis</span> <span class='ocrx_word' id='word_1_119' title='bbox 1105 2168 1157 2224; x_wconf 89' lang='lat' dir='ltr'>est</span> <span class='ocrx_word' id='word_1_120' title='bbox 1173 2162 1304 2224; x_wconf 85' lang='lat' dir='ltr'>miseria</span> <span class='ocrx_word' id='word_1_121' title='bbox 1314 2171 1437 2242; x_wconf 88' lang='lat' dir='ltr'>nostra,</span> 
     </span>
     <span class='ocr_line' id='line_1_16' title="bbox 295 2271 1437 2338; baseline -0.001 0"><span class='ocrx_word' id='word_1_122' title='bbox 295 2274 485 2338; x_wconf 85' lang='lat' dir='ltr'>charissimi.</span> <span class='ocrx_word' id='word_1_123' title='bbox 529 2272 660 2338; x_wconf 82' lang='lat' dir='ltr'>Etenim</span> <span class='ocrx_word' id='word_1_124' title='bbox 691 2295 764 2338; x_wconf 91' lang='lat' dir='ltr'>cnm</span> <span class='ocrx_word' id='word_1_125' title='bbox 792 2275 827 2336; x_wconf 88' lang='lat' dir='ltr'>in</span> <span class='ocrx_word' id='word_1_126' title='bbox 855 2276 942 2338; x_wconf 89' lang='lat' dir='ltr'>omni</span> <span class='ocrx_word' id='word_1_127' title='bbox 971 2276 1118 2337; x_wconf 89' lang='lat' dir='ltr'>oratione</span> <span class='ocrx_word' id='word_1_128' title='bbox 1148 2280 1183 2337; x_wconf 93' lang='lat' dir='ltr'>et</span> <span class='ocrx_word' id='word_1_129' title='bbox 1210 2271 1437 2337; x_wconf 87' lang='lat' dir='ltr'>obsecratione</span> 
     </span>
     <span class='ocr_line' id='line_1_17' title="bbox 292 2383 1438 2470; baseline -0.001 -20"><span class='ocrx_word' id='word_1_130' title='bbox 292 2387 409 2470; x_wconf 87' lang='lat' dir='ltr'>spiritu</span> <span class='ocrx_word' id='word_1_131' title='bbox 433 2385 568 2468; x_wconf 89' lang='lat' dir='ltr'>ardere,</span> <span class='ocrx_word' id='word_1_132' title='bbox 597 2388 718 2452; x_wconf 86' lang='lat' dir='ltr'>eximie</span> <span class='ocrx_word' id='word_1_133' title='bbox 748 2393 858 2450; x_wconf 90' lang='lat' dir='ltr'>autem</span> <span class='ocrx_word' id='word_1_134' title='bbox 886 2394 981 2468; x_wconf 89' lang='lat' dir='ltr'>tunc,</span> <span class='ocrx_word' id='word_1_135' title='bbox 1010 2405 1084 2449; x_wconf 88' lang='lat' dir='ltr'>cum</span> <span class='ocrx_word' id='word_1_136' title='bbox 1108 2383 1316 2449; x_wconf 86' lang='lat' dir='ltr'>immaculata</span> <span class='ocrx_word' id='word_1_137' title='bbox 1343 2404 1438 2468; x_wconf 85' lang='lat' dir='ltr'>mya-</span> 
     </span>
     <span class='ocr_line' id='line_1_18' title="bbox 291 2496 1437 2584; baseline -0.002 -22"><span class='ocrx_word' id='word_1_138' title='bbox 291 2499 375 2570; x_wconf 84' lang='lat' dir='ltr'>teria</span> <span class='ocrx_word' id='word_1_139' title='bbox 402 2505 606 2584; x_wconf 86' lang='lat' dir='ltr'>peraguntur</span> <span class='ocrx_word' id='word_1_140' title='bbox 636 2505 668 2561; x_wconf 90' lang='lat' dir='ltr'>et</span> <span class='ocrx_word' id='word_1_141' title='bbox 698 2496 924 2579; x_wconf 87' lang='lat' dir='ltr'>immolantur,</span> <span class='ocrx_word' id='word_1_142' title='bbox 964 2518 1039 2561; x_wconf 92' lang='lat' dir='ltr'>cum</span> <span class='ocrx_word' id='word_1_143' title='bbox 1075 2498 1193 2561; x_wconf 90' lang='lat' dir='ltr'>timore</span> <span class='ocrx_word' id='word_1_144' title='bbox 1225 2503 1259 2559; x_wconf 89' lang='lat' dir='ltr'>et</span> <span class='ocrx_word' id='word_1_145' title='bbox 1295 2503 1437 2562; x_wconf 86' lang='lat' dir='ltr'>tremore</span> 
     </span>
     <span class='ocr_line' id='line_1_19' title="bbox 292 2607 1436 2692; baseline -0.001 -19"><span class='ocrx_word' id='word_1_146' title='bbox 292 2609 433 2673; x_wconf 86' lang='lat' dir='ltr'>Domino</span> <span class='ocrx_word' id='word_1_147' title='bbox 456 2609 612 2673; x_wconf 88' lang='lat' dir='ltr'>assistere</span> <span class='ocrx_word' id='word_1_148' title='bbox 633 2607 844 2689; x_wconf 82' lang='lat' dir='ltr'>deberemus,</span> <span class='ocrx_word' id='word_1_149' title='bbox 866 2611 901 2672; x_wconf 91' lang='lat' dir='ltr'>in</span> <span class='ocrx_word' id='word_1_150' title='bbox 922 2608 981 2673; x_wconf 88' lang='lat' dir='ltr'>tali</span> <span class='ocrx_word' id='word_1_151' title='bbox 1004 2617 1038 2673; x_wconf 90' lang='lat' dir='ltr'>et</span> <span class='ocrx_word' id='word_1_152' title='bbox 1059 2616 1151 2674; x_wconf 87' lang='lat' dir='ltr'>tanta</span> <span class='ocrx_word' id='word_1_153' title='bbox 1171 2609 1305 2692; x_wconf 69' lang='lat' dir='ltr'>synaxi,</span> <span class='ocrx_word' id='word_1_154' title='bbox 1328 2623 1436 2690; x_wconf 86' lang='lat' dir='ltr'>neque</span> 
     </span>
     <span class='ocr_line' id='line_1_20' title="bbox 292 2719 1436 2806; baseline -0.001 -22"><span class='ocrx_word' id='word_1_155' title='bbox 292 2721 355 2784; x_wconf 90' lang='lat' dir='ltr'>hoo</span> <span class='ocrx_word' id='word_1_156' title='bbox 392 2719 481 2803; x_wconf 91' lang='lat' dir='ltr'>quod</span> <span class='ocrx_word' id='word_1_157' title='bbox 520 2721 624 2785; x_wconf 88' lang='lat' dir='ltr'>nostri</span> <span class='ocrx_word' id='word_1_158' title='bbox 655 2719 757 2783; x_wconf 81' lang='lat' dir='ltr'>officii</span> <span class='ocrx_word' id='word_1_159' title='bbox 786 2723 872 2784; x_wconf 89' lang='lat' dir='ltr'>ratio</span> <span class='ocrx_word' id='word_1_160' title='bbox 908 2723 1027 2806; x_wconf 85' lang='lat' dir='ltr'>exigit,</span> <span class='ocrx_word' id='word_1_161' title='bbox 1065 2728 1273 2806; x_wconf 89' lang='lat' dir='ltr'>praestamus</span> <span class='ocrx_word' id='word_1_162' title='bbox 1302 2720 1436 2785; x_wconf 88' lang='lat' dir='ltr'>sinceris</span> 
     </span>
     <span class='ocr_line' id='line_1_21' title="bbox 291 2830 1436 2918; baseline -0.002 -22"><span class='ocrx_word' id='word_1_163' title='bbox 291 2832 442 2918; x_wconf 86' lang='lat' dir='ltr'>precibus</span> <span class='ocrx_word' id='word_1_164' title='bbox 465 2834 498 2895; x_wconf 91' lang='lat' dir='ltr'>in</span> <span class='ocrx_word' id='word_1_165' title='bbox 520 2832 637 2917; x_wconf 87' lang='lat' dir='ltr'>spiritu</span> <span class='ocrx_word' id='word_1_166' title='bbox 660 2835 801 2896; x_wconf 88' lang='lat' dir='ltr'>contrito</span> <span class='ocrx_word' id='word_1_167' title='bbox 826 2839 859 2896; x_wconf 92' lang='lat' dir='ltr'>et</span> <span class='ocrx_word' id='word_1_168' title='bbox 880 2832 1065 2914; x_wconf 86' lang='lat' dir='ltr'>humiliato,</span> <span class='ocrx_word' id='word_1_169' title='bbox 1094 2830 1155 2896; x_wconf 89' lang='lat' dir='ltr'>sed</span> <span class='ocrx_word' id='word_1_170' title='bbox 1176 2853 1231 2896; x_wconf 89' lang='lat' dir='ltr'>res</span> <span class='ocrx_word' id='word_1_171' title='bbox 1254 2851 1436 2914; x_wconf 81' lang='lat' dir='ltr'>causasque</span> 
     </span>
     <span class='ocr_line' id='line_1_22' title="bbox 291 2942 1444 3033; baseline -0.001 -25"><span class='ocrx_word' id='word_1_172' title='bbox 291 2951 421 3010; x_wconf 87' lang='lat' dir='ltr'>nostras</span> <span class='ocrx_word' id='word_1_173' title='bbox 453 2944 603 3008; x_wconf 83' lang='lat' dir='ltr'>forenses</span> <span class='ocrx_word' id='word_1_174' title='bbox 632 2944 874 3028; x_wconf 89' lang='lat' dir='ltr'>multarumque</span> <span class='ocrx_word' id='word_1_175' title='bbox 904 2951 939 3011; x_wconf 85' lang='lat' dir='ltr'>ct</span> <span class='ocrx_word' id='word_1_176' title='bbox 967 2946 1111 3033; x_wconf 87' lang='lat' dir='ltr'>inanium</span> <span class='ocrx_word' id='word_1_177' title='bbox 1139 2962 1266 3008; x_wconf 87' lang='lat' dir='ltr'>rerum·</span> <span class='ocrx_word' id='word_1_178' title='bbox 1280 2942 1444 3007; x_wconf 75' lang='lat' dir='ltr'>adminis-‘</span> 
     </span>
    </p>
   </div>
   <div class='ocr_carea' id='block_1_3' title="bbox 292 3048 1542 3140">
    <p class='ocr_par' dir='ltr' id='par_1_3' title="bbox 292 3048 1542 3140">
     <span class='ocr_line' id='line_1_23' title="bbox 292 3048 1542 3140; baseline -0.001 -21"><span class='ocrx_word' id='word_1_179' title='bbox 292 3048 467 3137; x_wconf 84' lang='lat' dir='ltr'>trationes,</span> <span class='ocrx_word' id='word_1_180' title='bbox 496 3076 570 3118; x_wconf 90' lang='lat' dir='ltr'>oum</span> <span class='ocrx_word' id='word_1_181' title='bbox 598 3055 641 3119; x_wconf 90' lang='lat' dir='ltr'>ad</span> <span class='ocrx_word' id='word_1_182' title='bbox 671 3075 796 3119; x_wconf 87' lang='lat' dir='ltr'>sacram</span> <span class='ocrx_word' id='word_1_183' title='bbox 828 3057 971 3139; x_wconf 82' lang='lat' dir='ltr'>synaxin</span> <span class='ocrx_word' id='word_1_184' title='bbox 1000 3053 1224 3120; x_wconf 89' lang='lat' dir='ltr'>accedendum</span> <span class='ocrx_word' id='word_1_185' title='bbox 1258 3063 1328 3135; x_wconf 91' lang='lat' dir='ltr'>est,</span> <span class='ocrx_word' id='word_1_186' title='bbox 1357 3075 1437 3140; x_wconf 90' lang='lat' dir='ltr'>per·</span> <span class='ocrx_word' id='word_1_187' title='bbox 1537 3091 1542 3100; x_wconf 85' lang='lat'><strong>·</strong></span> 
     </span>
    </p>
   </div>
   <div class='ocr_carea' id='block_1_4' title="bbox 291 3167 1438 3475">
    <p class='ocr_par' dir='ltr' id='par_1_4' title="bbox 291 3167 1438 3475">
     <span class='ocr_line' id='line_1_24' title="bbox 291 3167 1438 3258; baseline -0.003 -26"><span class='ocrx_word' id='word_1_188' title='bbox 291 3168 426 3233; x_wconf 83' lang='lat' dir='ltr'>ficimus.</span> <span class='ocrx_word' id='word_1_189' title='bbox 478 3167 523 3258; x_wconf 76' lang='lat' dir='ltr'>Et</span> <span class='ocrx_word' id='word_1_190' title='bbox 556 3168 650 3231; x_wconf 88' lang='lat' dir='ltr'>multi</span> <span class='ocrx_word' id='word_1_191' title='bbox 677 3167 812 3251; x_wconf 85' lang='lat' dir='ltr'>quidem</span> <span class='ocrx_word' id='word_1_192' title='bbox 842 3189 908 3231; x_wconf 89' lang='lat' dir='ltr'>non</span> <span class='ocrx_word' id='word_1_193' title='bbox 935 3167 1103 3249; x_wconf 89' lang='lat' dir='ltr'>laborant,</span> <span class='ocrx_word' id='word_1_194' title='bbox 1137 3188 1202 3250; x_wconf 90' lang='lat' dir='ltr'>qua</span> <span class='ocrx_word' id='word_1_195' title='bbox 1229 3167 1373 3252; x_wconf 87' lang='lat' dir='ltr'>puritate</span> <span class='ocrx_word' id='word_1_196' title='bbox 1403 3173 1438 3230; x_wconf 92' lang='lat' dir='ltr'>et</span> 
     </span>
     <span class='ocr_line' id='line_1_25' title="bbox 292 3275 1437 3364; baseline -0.003 -21"><span class='ocrx_word' id='word_1_197' title='bbox 292 3281 494 3364; x_wconf 87' lang='lat' dir='ltr'>poenitentia</span> <span class='ocrx_word' id='word_1_198' title='bbox 523 3279 566 3343; x_wconf 88' lang='lat' dir='ltr'>ad</span> <span class='ocrx_word' id='word_1_199' title='bbox 596 3299 720 3344; x_wconf 84' lang='lat' dir='ltr'>sacram</span> <span class='ocrx_word' id='word_1_200' title='bbox 743 3299 891 3343; x_wconf 88' lang='lat' dir='ltr'>mensam</span> <span class='ocrx_word' id='word_1_201' title='bbox 919 3277 1059 3360; x_wconf 87' lang='lat' dir='ltr'>adeant,</span> <span class='ocrx_word' id='word_1_202' title='bbox 1090 3275 1150 3344; x_wconf 90' lang='lat' dir='ltr'>sed</span> <span class='ocrx_word' id='word_1_203' title='bbox 1183 3277 1303 3362; x_wconf 89' lang='lat' dir='ltr'>quibus</span> <span class='ocrx_word' id='word_1_204' title='bbox 1332 3279 1437 3342; x_wconf 88' lang='lat' dir='ltr'>vesti-</span> 
     </span>
     <span class='ocr_line' id='line_1_26' title="bbox 291 3389 1434 3475; baseline -0.002 -20"><span class='ocrx_word' id='word_1_205' title='bbox 291 3395 410 3457; x_wconf 83' lang='lat' dir='ltr'>mentis</span> <span class='ocrx_word' id='word_1_206' title='bbox 433 3399 641 3456; x_wconf 87' lang='lat' dir='ltr'>exornentur.</span> <span class='ocrx_word' id='word_1_207' title='bbox 686 3391 769 3472; x_wconf 89' lang='lat' dir='ltr'>Alii,</span> <span class='ocrx_word' id='word_1_208' title='bbox 794 3393 851 3474; x_wconf 90' lang='lat' dir='ltr'>qui</span> <span class='ocrx_word' id='word_1_209' title='bbox 872 3393 1023 3471; x_wconf 83' lang='lat' dir='ltr'>veniunt,</span> <span class='ocrx_word' id='word_1_210' title='bbox 1045 3411 1111 3454; x_wconf 92' lang='lat' dir='ltr'>non</span> <span class='ocrx_word' id='word_1_211' title='bbox 1134 3389 1308 3475; x_wconf 86' lang='lat' dir='ltr'>dignantur</span> <span class='ocrx_word' id='word_1_212' title='bbox 1328 3409 1434 3473; x_wconf 88' lang='lat' dir='ltr'>usque</span> 
     </span>
    </p>
   </div>
   <div class='ocr_carea' id='block_1_5' title="bbox 171 3499 1503 3589">
    <p class='ocr_par' dir='ltr' id='par_1_5' title="bbox 171 3499 1503 3589">
     <span class='ocr_line' id='line_1_27' title="bbox 171 3499 1503 3589; baseline -0.002 -22"><span class='ocrx_word' id='word_1_213' title='bbox 171 3571 174 3578; x_wconf 67' lang='grc'><em>,</em></span> <span class='ocrx_word' id='word_1_214' title='bbox 291 3503 334 3567; x_wconf 88' lang='lat' dir='ltr'>ad</span> <span class='ocrx_word' id='word_1_215' title='bbox 369 3504 467 3568; x_wconf 86' lang='lat' dir='ltr'>finem</span> <span class='ocrx_word' id='word_1_216' title='bbox 500 3502 636 3584; x_wconf 86' lang='lat' dir='ltr'>adesse,</span> <span class='ocrx_word' id='word_1_217' title='bbox 670 3502 730 3568; x_wconf 87' lang='lat' dir='ltr'>sed</span> <span class='ocrx_word' id='word_1_218' title='bbox 764 3523 826 3589; x_wconf 88' lang='lat' dir='ltr'>per</span> <span class='ocrx_word' id='word_1_219' title='bbox 859 3503 942 3567; x_wconf 90' lang='lat' dir='ltr'>alios</span> <span class='ocrx_word' id='word_1_220' title='bbox 974 3504 1179 3588; x_wconf 88' lang='lat' dir='ltr'>interrogant</span> <span class='ocrx_word' id='word_1_221' title='bbox 1213 3499 1368 3585; x_wconf 86' lang='lat' dir='ltr'>quidnam</span> <span class='ocrx_word' id='word_1_222' title='bbox 1403 3503 1437 3564; x_wconf 88' lang='lat' dir='ltr'>iu</span> <span class='ocrx_word' id='word_1_223' title='bbox 1497 3556 1503 3565; x_wconf 90' lang='lat'>.</span> 
     </span>
    </p>
   </div>
   <div class='ocr_carea' id='block_1_6' title="bbox 291 3614 1528 4595">
    <p class='ocr_par' dir='ltr' id='par_1_6' title="bbox 291 3614 1528 4595">
     <span class='ocr_line' id='line_1_28' title="bbox 292 3614 1438 3702; baseline -0.003 -23"><span class='ocrx_word' id='word_1_224' title='bbox 292 3617 411 3698; x_wconf 86' lang='lat' dir='ltr'>synaxi</span> <span class='ocrx_word' id='word_1_225' title='bbox 434 3623 568 3702; x_wconf 89' lang='lat' dir='ltr'>agatur,</span> <span class='ocrx_word' id='word_1_226' title='bbox 601 3623 635 3680; x_wconf 91' lang='lat' dir='ltr'>et</span> <span class='ocrx_word' id='word_1_227' title='bbox 656 3637 733 3678; x_wconf 90' lang='lat' dir='ltr'>num</span> <span class='ocrx_word' id='word_1_228' title='bbox 756 3623 886 3702; x_wconf 87' lang='lat' dir='ltr'>tempus</span> <span class='ocrx_word' id='word_1_229' title='bbox 909 3616 1144 3678; x_wconf 82' lang='lat' dir='ltr'>communionis</span> <span class='ocrx_word' id='word_1_230' title='bbox 1167 3614 1271 3678; x_wconf 85' lang='lat' dir='ltr'>adsit:</span> <span class='ocrx_word' id='word_1_231' title='bbox 1303 3619 1342 3677; x_wconf 83' lang='lat' dir='ltr'>et&#39;</span> <span class='ocrx_word' id='word_1_232' title='bbox 1358 3618 1438 3676; x_wconf 89' lang='lat' dir='ltr'>tunc</span> 
     </span>
     <span class='ocr_line' id='line_1_29' title="bbox 291 3705 1437 3812; baseline -0.002 -22"><span class='ocrx_word' id='word_1_233' title='bbox 291 3746 527 3812; x_wconf 86' lang='lat' dir='ltr'>praepropere,</span> <span class='ocrx_word' id='word_1_234' title='bbox 550 3747 665 3791; x_wconf 91' lang='lat' dir='ltr'>canum</span> <span class='ocrx_word' id='word_1_235' title='bbox 688 3729 807 3808; x_wconf 87' lang='lat' dir='ltr'>instar,</span> <span class='ocrx_word' id='word_1_236' title='bbox 837 3726 983 3791; x_wconf 87' lang='lat' dir='ltr'>insiliunt</span> <span class='ocrx_word' id='word_1_237' title='bbox 1005 3734 1040 3791; x_wconf 87' lang='lat' dir='ltr'>et</span> <span class='ocrx_word' id='word_1_238' title='bbox 1060 3745 1147 3812; x_wconf 84' lang='lat' dir='ltr'>pane</span> <span class='ocrx_word' id='word_1_239' title='bbox 1168 3705 1309 3809; x_wconf 80' lang='lat' dir='ltr'>mystico</span> <span class='ocrx_word' id='word_1_240' title='bbox 1330 3732 1437 3809; x_wconf 87' lang='lat' dir='ltr'>rapto,</span> 
     </span>
     <span class='ocr_line' id='line_1_30' title="bbox 293 3835 1437 3925; baseline -0.002 -23"><span class='ocrx_word' id='word_1_241' title='bbox 293 3845 425 3902; x_wconf 85' lang='lat' dir='ltr'>exeunt.</span> <span class='ocrx_word' id='word_1_242' title='bbox 468 3838 537 3918; x_wconf 82' lang='lat' dir='ltr'>Alii</span> <span class='ocrx_word' id='word_1_243' title='bbox 559 3841 592 3902; x_wconf 92' lang='lat' dir='ltr'>in</span> <span class='ocrx_word' id='word_1_244' title='bbox 614 3839 737 3925; x_wconf 90' lang='lat' dir='ltr'>templo</span> <span class='ocrx_word' id='word_1_245' title='bbox 755 3839 821 3904; x_wconf 90' lang='lat' dir='ltr'>Dei</span> <span class='ocrx_word' id='word_1_246' title='bbox 838 3847 1029 3924; x_wconf 76' lang='lat' dir='ltr'>praesentes</span> <span class='ocrx_word' id='word_1_247' title='bbox 1051 3857 1093 3902; x_wconf 90' lang='lat' dir='ltr'>ne</span> <span class='ocrx_word' id='word_1_248' title='bbox 1115 3858 1179 3902; x_wconf 87' lang='lat' dir='ltr'>una</span> <span class='ocrx_word' id='word_1_249' title='bbox 1201 3835 1333 3921; x_wconf 82' lang='lat' dir='ltr'>quidem</span> <span class='ocrx_word' id='word_1_250' title='bbox 1355 3837 1437 3901; x_wconf 87' lang='lat' dir='ltr'>bora</span> 
     </span>
     <span class='ocr_line' id='line_1_31' title="bbox 293 3932 1437 4035; baseline -0.002 -21"><span class='ocrx_word' id='word_1_251' title='bbox 293 3951 476 4034; x_wconf 87' lang='lat' dir='ltr'>quiescunt,</span> <span class='ocrx_word' id='word_1_252' title='bbox 493 3953 616 4015; x_wconf 86' lang='lat' dir='ltr'>mutuis</span> <span class='ocrx_word' id='word_1_253' title='bbox 628 3950 788 4035; x_wconf 88' lang='lat' dir='ltr'>coloquiis</span> <span class='ocrx_word' id='word_1_254' title='bbox 806 3953 973 4030; x_wconf 78' lang='lat' dir='ltr'>institutis,</span> <span class='ocrx_word' id='word_1_255' title='bbox 994 3932 1313 4015; x_wconf 82' lang='lat' dir='ltr'>confabulationibus</span> <span class='ocrx_word' id='word_1_256' title='bbox 1330 3950 1437 4033; x_wconf 86' lang='lat' dir='ltr'>magis</span> 
     </span>
     <span class='ocr_line' id='line_1_32' title="bbox 292 4060 1437 4148; baseline -0.001 -23"><span class='ocrx_word' id='word_1_257' title='bbox 292 4082 391 4145; x_wconf 90' lang='lat' dir='ltr'>quam</span> <span class='ocrx_word' id='word_1_258' title='bbox 423 4061 577 4146; x_wconf 82' lang='lat' dir='ltr'>precibus</span> <span class='ocrx_word' id='word_1_259' title='bbox 613 4064 741 4128; x_wconf 89' lang='lat' dir='ltr'>intenti.</span> <span class='ocrx_word' id='word_1_260' title='bbox 792 4062 861 4148; x_wconf 89' lang='lat' dir='ltr'>Alii</span> <span class='ocrx_word' id='word_1_261' title='bbox 890 4062 1006 4127; x_wconf 88' lang='lat' dir='ltr'>relicta</span> <span class='ocrx_word' id='word_1_262' title='bbox 1035 4082 1130 4126; x_wconf 84' lang='lat' dir='ltr'>sacra</span> <span class='ocrx_word' id='word_1_263' title='bbox 1165 4061 1298 4147; x_wconf 85' lang='lat' dir='ltr'>liturgia</span> <span class='ocrx_word' id='word_1_264' title='bbox 1331 4060 1437 4124; x_wconf 90' lang='lat' dir='ltr'>caruis</span> 
     </span>
     <span class='ocr_line' id='line_1_33' title="bbox 292 4171 1437 4258; baseline -0.001 -22"><span class='ocrx_word' id='word_1_265' title='bbox 292 4173 517 4258; x_wconf 86' lang='lat' dir='ltr'>voluptatibus</span> <span class='ocrx_word' id='word_1_266' title='bbox 540 4193 614 4239; x_wconf 88' lang='lat' dir='ltr'>sese</span> <span class='ocrx_word' id='word_1_267' title='bbox 637 4171 770 4238; x_wconf 86' lang='lat' dir='ltr'>dedunt.</span> <span class='ocrx_word' id='word_1_268' title='bbox 814 4173 882 4237; x_wconf 91' lang='lat' dir='ltr'>Alii</span> <span class='ocrx_word' id='word_1_269' title='bbox 903 4173 1110 4240; x_wconf 65' lang='lat' dir='ltr'>nihiltcurae</span> <span class='ocrx_word' id='word_1_270' title='bbox 1141 4181 1176 4237; x_wconf 89' lang='lat' dir='ltr'>et</span> <span class='ocrx_word' id='word_1_271' title='bbox 1205 4192 1328 4256; x_wconf 89' lang='lat' dir='ltr'>operae</span> <span class='ocrx_word' id='word_1_272' title='bbox 1357 4191 1437 4236; x_wconf 88' lang='lat' dir='ltr'>auae</span> 
     </span>
     <span class='ocr_line' id='line_1_34' title="bbox 292 4283 1434 4370; baseline -0.005 -21"><span class='ocrx_word' id='word_1_273' title='bbox 292 4287 512 4350; x_wconf 89' lang='lat' dir='ltr'>conscientiae</span> <span class='ocrx_word' id='word_1_274' title='bbox 534 4283 744 4369; x_wconf 87' lang='lat' dir='ltr'>impendunt,</span> <span class='ocrx_word' id='word_1_275' title='bbox 774 4293 812 4349; x_wconf 89' lang='lat' dir='ltr'>ut</span> <span class='ocrx_word' id='word_1_276' title='bbox 841 4307 862 4350; x_wconf 90' lang='lat' dir='ltr'>a</span> <span class='ocrx_word' id='word_1_277' title='bbox 891 4292 1101 4370; x_wconf 87' lang='lat' dir='ltr'>peccatorum</span> <span class='ocrx_word' id='word_1_278' title='bbox 1130 4283 1285 4348; x_wconf 87' lang='lat' dir='ltr'>sordibus</span> <span class='ocrx_word' id='word_1_279' title='bbox 1308 4303 1434 4367; x_wconf 88' lang='lat' dir='ltr'>expur-</span> 
     </span>
     <span class='ocr_line' id='line_1_35' title="bbox 292 4393 1438 4482; baseline -0.004 -21"><span class='ocrx_word' id='word_1_280' title='bbox 292 4405 389 4482; x_wconf 83' lang='lat' dir='ltr'>getur</span> <span class='ocrx_word' id='word_1_281' title='bbox 418 4417 479 4482; x_wconf 89' lang='lat' dir='ltr'>per</span> <span class='ocrx_word' id='word_1_282' title='bbox 507 4399 762 4480; x_wconf 83' lang='lat' dir='ltr'>poenitentiam3</span> <span class='ocrx_word' id='word_1_283' title='bbox 791 4397 851 4463; x_wconf 87' lang='lat' dir='ltr'>sed</span> <span class='ocrx_word' id='word_1_284' title='bbox 879 4397 974 4482; x_wconf 86' lang='lat' dir='ltr'>plura</span> <span class='ocrx_word' id='word_1_285' title='bbox 1002 4403 1213 4482; x_wconf 88' lang='lat' dir='ltr'>peccatorum</span> <span class='ocrx_word' id='word_1_286' title='bbox 1243 4414 1346 4459; x_wconf 88' lang='lat' dir='ltr'>onera</span> <span class='ocrx_word' id='word_1_287' title='bbox 1374 4393 1438 4458; x_wconf 89' lang='lat' dir='ltr'>sibi</span> 
     </span>
     <span class='ocr_line' id='line_1_36' title="bbox 292 4507 1528 4595; baseline -0.003 -23"><span class='ocrx_word' id='word_1_288' title='bbox 292 4515 479 4595; x_wconf 87' lang='lat' dir='ltr'>reportant,</span> <span class='ocrx_word' id='word_1_289' title='bbox 517 4507 593 4572; x_wconf 90' lang='lat' dir='ltr'>dum</span> <span class='ocrx_word' id='word_1_290' title='bbox 628 4507 903 4595; x_wconf 79' lang='lat' dir='ltr'>pulchritudinem</span> <span class='ocrx_word' id='word_1_291' title='bbox 935 4509 1125 4591; x_wconf 84' lang='lat' dir='ltr'>formasque</span> <span class='ocrx_word' id='word_1_292' title='bbox 1153 4507 1325 4571; x_wconf 84' lang='lat' dir='ltr'>mulierum</span> <span class='ocrx_word' id='word_1_293' title='bbox 1355 4525 1437 4570; x_wconf 92' lang='lat' dir='ltr'>con·</span> <span class='ocrx_word' id='word_1_294' title='bbox 1521 4581 1528 4587; x_wconf 36' lang='grc'>,</span> 
     </span>
    </p>
   </div>
   <div class='ocr_carea' id='block_1_7' title="bbox 0 0 1618 5217">
    <p class='ocr_par' dir='ltr' id='par_1_7' title="bbox 0 0 1618 5217">
     <span class='ocr_line' id='line_1_37' title="bbox 0 0 1618 5217; baseline 0 0"><span class='ocrx_word' id='word_1_295' title='bbox 0 0 1618 5217; x_wconf 95' lang='lat' dir='ltr'> </span> 
     </span>
    </p>
   </div>
  </div>
 </body>
</html>
