3225 5217
287 523 348 591 156

285 695 560 781 compendiariam
582 698 625 763 de
647 697 841 764 haeresibus
861 698 906 763 ab
928 700 1020 762 initio
1036 697 1202 782 religionis
1219 699 1430 765 Christianae·

284 807 393 892 daque
416 809 561 874 conciliis
583 809 742 875 adversus
765 831 822 875 eas
844 809 1050 891 celebratis“,
1074 829 1172 892 quarn
1194 809 1238 874 ad
1252 811 1424 874 concilium

251 992 255 1004 ,
285 923 528 986 oecumenicum
550 929 681 986 sextum
697 921 762 987 ΟΡ.
785 942 815 985 a.
837 923 901 986 680
923 928 958 986 et
979 923 1131 1005 sequenti
1145 920 1207 985 sub
1222 920 1424 1006 Imperatore

285 1030 499 1096 Constantino
535 1033 709 1117 Pogouato
749 1033 896 1098 habitum
937 1032 1104 1118 perducit,
1142 1031 1328 1115 desinitque
1361 1033 1423 1098 sub

244 1183 253 1190 -
282 1144 419 1227 imperio
442 1143 465 1207 J
468 1145 620 1208 ustiuiani
641 1143 855 1208 Rhinotmati.

368 1255 520 1338 Denique
551 1255 761 1319 referendum
801 1264 853 1319 est
882 1277 966 1339 opus
997 1255 1162 1339 quoddam
1194 1256 1423 1340 dogmaticum,

283 1364 373 1448 quod
404 1365 607 1430 inscribitur:
648 1359 751 1453 Λόγοι
785 1368 852 1431 τῶν
880 1357 985 1450 δγίων
1013 1364 1163 1455 πατέρων
1191 1359 1285 1453 ἤγουν
1314 1364 1425 1453 ἐκλογῇ

283 1469 440 1566 χρήσεων,
472 1467 516 1544 δι’
539 1469 585 1540 ὦν
605 1470 662 1564 νῆν
690 1471 768 1563 ὅλην
789 1479 849 1562 τῆς
877 1468 1100 1564 ἀποστολικῆς
1127 1475 1303 1564 ἐκκλησίας
1325 1471 1424 1560 δόξαν

283 1589 402 1674 σαφῶς
423 1581 666 1670 διδασκόμεθα,
687 1578 725 1656 τό
748 1612 784 1654 re
805 1590 863 1675 τῆς
886 1587 1064 1676 θεολογίας
1082 1587 1171 1673 φημὶ
1188 1582 1344 1676 κήρυγμα,
1366 1588 1424 1654 καὶ

282 1699 340 1784 τῆς
361 1697 462 1772 θείας
483 1696 671 1783 οἰκονομίας
692 1694 749 1766 τόν
770 1689 878 1787 λόγον,
906 1699 963 1764 καί
992 1702 1059 1766 νων
1085 1694 1196 1766 ἄλλων
1223 1694 1335 1790 ὀρθῶν
1364 1701 1424 1785 τῆς

284 1807 463 1895 ἐκκλησίας
492 1801 667 1896 δογμάτων
692 1806 750 1897 τὴν
779 1805 984 1899 οἷκρίβωαν.“
1027 1812 1103 1876 Ηοο
1131 1823 1214 1897 opus
1243 1812 1421 1876 Anastasio

282 1922 479 2008 presbytero
502 1924 681 1988 attribuunt
703 1923 911 2006 Sirmondus,
933 1924 1109 1988 labbaeus
1122 1923 1162 2008 ¹),
1185 1922 1422 2005 Harduinns²)‚

281 2034 537 2117 Muratoriusl),
559 2038 632 2120 ipse
649 2034 790 2118 denique
810 2035 959 2120 Angelus
975 2033 1138 2120 Majusb,
1161 2037 1217 2117 qui
1238 2034 1324 2099 idem
1339 2055 1422 2118 opus

282 2153 316 2210 et
349 2145 451 2211 edidit
462 2145 497 2228 ί).
554 2145 646 2232 Opus
679 2154 788 2211 autem
822 2145 920 2229 quale
949 2149 1010 2227 sit,
1042 2149 1115 2231 ipse
1148 2145 1262 2210 titulus
1291 2144 1422 2208 indicat

280 2257 366 2321 Nam
392 2278 498 2342 paone
527 2258 608 2322 nihil
641 2260 786 2322 continet
811 2260 874 2322 nisi
900 2259 1088 2323 testimonia
1109 2251 1244 2321 Petrum
1274 2256 1420 2321 collecta

281 2367 369 2434 Sanc
396 2368 443 2432 nil
465 2378 571 2450 vetat,
611 2371 784 2452 quominus
806 2368 983 2433 Anastasio
1011 2377 1125 2433 nostro
1146 2367 1181 2431 id
1210 2367 1419 2432 ascribamus.

280 2477 383 2544 Immo
407 2500 477 2565 cap.
501 2479 565 2544 Vl:
599 2479 699 2567 ,ωερὶ
722 2480 943 2565 προσωπικῆς
971 2471 1117 2552 dedocere
1138 2472 1235 2564 ἤγουν
1256 2476 1419 2557 σχέσεως*

280 2589 475 2654 simillimum
491 2600 586 2656 sonat
599 2590 733 2677 Hodegi
755 2611 825 2675 cap.
851 2593 899 2655 ll.
944 2589 1124 2672 Articulus,
1147 2592 1204 2673 qui
1218 2590 1421 2655 inscribitur:

282 2695 490 2789 ,,Ἀπολσμία
520 2695 604 2787 πρὸς
635 2696 712 2779 τούς
740 2702 1024 2788 συκοφαντοῦντας
1052 2694 1110 2786 τῆν
1139 2695 1236 2787 ἀμίαν
1265 2694 1420 2767 σύνοδον(

157 2801 161 2811 Ι
244 2847 249 2856 ·
283 2814 428 2898 (Scriptt.
451 2821 530 2878 vett.
553 2835 628 2878 nov.
651 2814 724 2879 coll.
741 2812 817 2878 Vll.
839 2835 914 2899 pag.
934 2813 989 2895 35)
1012 2815 1173 2898 repetitur
1193 2833 1225 2897 p.
1247 2813 1299 2875 46.
1333 2813 1420 2878 Item

281 2925 444 3006 scholion,
474 2925 563 3009 quod
586 2928 715 3010 incipit:
752 2913 883 2990 Τοδτων
903 2921 1014 2989 τοίνυν
1041 2916 1145 3000 οὕτως
1166 2913 1324 3003 ἐχόντωνι
1347 2945 1420 2988 cum
1525 2924 1529 2938 '

272 3027 493 3119 ¹sequentibus
530 3058 636 3120 usque
671 3036 715 3100 ad
750 3037 806 3100 illa
846 3035 964 3100 verba:
1002 3028 1074 3112 „du
1105 3032 1162 3098 καί
1195 3023 1421 3113 οἶσνοοίζονταιιι

283 3149 371 3233 (pag.
400 3148 551 3230 37-39.)
584 3150 807 3234 perspicacius
850 3150 969 3212 iterum
1009 3154 1121 3212 exstat
1159 3168 1235 3233 pag.
1267 3147 1420 3226 ‹tif-49.

227 3247 229 3251 ¹
280 3260 491 3325 Anastasium
512 3259 754 3324 Antiochenam
776 3268 893 3343 quater
916 3262 1009 3324 citari
1030 3260 1140 3344 reperi
1164 3260 1272 3342 (capp.
1296 3257 1346 3321 13.
1369 3258 1421 3320 20.

283 3373 333 3436 21.
357 3370 435 3453 293.
462 3370 619 3436 Attamen
649 3370 690 3436 de
712 3370 889 3436 Anastasio
918 3379 1031 3436 nostro
1053 3369 1180 3436 Sinaita
1206 3369 1287 3434 nibil
1309 3389 1353 3451 err
1381 3389 1421 3432 eo

280 3485 419 3569 amplios
442 3503 557 3548 eruere
579 3484 681 3567 potui.
1016 3488 1019 3493 '
1420 3486 1423 3490 ’

367 3594 541 3660 Caeterum
569 3614 734 3677 nunquam
765 3594 830 3658 fuit
857 3593 1053 3659 Anastasius
1087 3600 1201 3658 noster
1229 3591 1418 3677 patriarcha

280 3706 515 3772 Antiochenus‘.
564 3705 719 3770 Habebat
754 3707 839 3770 enim
876 3726 916 3770 eo
951 3713 1100 3791 tempore
1128 3703 1304 3768 Antiochia
1334 3702 1418 3766 alios

281 3839 358 3885 suos
394 3818 615 3910 patriarchas,
658 3821 720 3884 etsi
758 3817 955 3902 pleruniqua
995 3817 1038 3881 ob
1073 3793 1419 3886 Muhammedauorum

155 3982 167 3994 .
279 3930 486 4016 tyrannidem
509 3930 642 4012 exules,
672 3939 782 3994 tamen
810 3930 874 3994 hoc
895 3928 992 3993 titulo
1022 3928 1212 4014 insignitos,
1240 3933 1278 3990 ut
1305 3923 1419 3990 videre

348 4335 372 4402 ¹)
390 4337 475 4401 praef.
494 4339 522 4386 in
540 4335 637 4386 Joann.
656 4335 733 4386 Dsm.
873 4333 896 4400 ²)
915 4347 1008 4398 opusc
1027 4334 1122 4384 select.
1141 4333 1192 4384 239
1210 4337 1238 4384 et
1255 4334 1314 4384 243.

348 4430 370 4495 ⁸)
382 4433 416 4481 'in
423 4430 528 4482 dissert.
536 4430 570 4481 da
578 4434 655 4494 epist.
664 4429 839 4496 JuliiPapae.
874 4428 897 4494 ⁴)
915 4430 1020 4492 scripti.
1038 4432 1104 4479 vett
1123 4441 1187 4478 nov.
1205 4429 1257 4477 col.
1267 4428 1330 4479 VII.
1347 4443 1373 4494 p.
1383 4427 1418 4477 V.

349 4524 372 4591 ¹)
390 4525 455 4576 ibid.
474 4541 500 4590 p.
520 4525 612 4576 1-73.
1136 4521 1144 4531 ”
