3225 5217
1256 533 1297 596 93

560 706 779 791 Quaestio
799 707 865 770 'LX
869 707 898 770 V.

246 819 421 924 Quomodo
434 821 763 905 estiutelligendum
783 819 880 892 illud:
907 817 1042 896 ,Omnis
1058 819 1166 882 scriba
1181 816 1298 882 doetus
1360 830 1369 841 ’

160 939 193 1000 in
206 934 505 1021 regno-'caelorum
528 932 643 997 similis
665 942 717 1005 est
742 932 984 1016 patrifamilias,
1016 933 1072 1015 qui
1101 930 1228 1015 profert
1256 928 1299 993 ds

161 1025 317 1112 thesauro
337 1069 400 1112 suo
422 1068 508 1140 nova
532 1055 566 1112 et
587 1047 721 1111 vetera‘⁴
742 1046 800 1129 'lar

640 1255 822 1338 Reaporaao.

245 1381 396 1448 Scribam
413 1383 493 1447 dicit
515 1405 599 1464 eum,
620 1386 680 1466 qui
699 1404 762 1468 per
782 1382 979 1445 laboriosam
993 1379 1173 1442 divinarum
1184 1377 1301 1464 scrip-¹

161 1502 305 1557 turtrum
328 1494 503 1560 lectionem
524 1495 594 1560 silii·
609 1494 760 1558 recondit
780 1494 971 1557 thesaurum
992 1486 1125 1556 Veteris
1157 1498 1191 1554 et
1208 1489 1304 1554 Nori

162 1605 375 1688 Testamenti,
398 1614 432 1670 et
451 1628 495 1671 ex
516 1627 557 1670 eo
569 1607 732 1691 depromit
749 1614 897 1688 tempore
911 1603 1150 1688 disputationis.
1175 1603 1301 1681 Quam·-

163 1719 282 1782 obr'em·
296 1722 483 1802 quicunque
505 1727 580 1782 suut
599 1720 742 1802 imperiti
764 1716 945 1778 divinarum
959 1714 1213 1798 Scripturarum,
1236 1732 1310 1778 non·

162 1839 301 1916 possunt
330 1851 404 1895 esse
432 1829 707 1914 patresfamilias,
734 1837 777 1891 ut
807 1830 864 1910 qui
893 1847 1001 1909 neque
1030 1842 1049 1888 a
1082 1846 1119 1889 se
1148 1825 1301 1906 habeant,

162 1962 269 2025 neque
300 1943 343 2006 ab
372 1943 445 2006 aliis
477 1944 654 2025 accipiant,
689 1939 750 2004 sed
782 1941 911 2024 seipsos
943 1935 1113 2022 decipiant
1147 1944 1180 2001 et
1213 1937 1312 1999 fame·

54 2128 56 2133 ¹
161 2057 594 2139 ignorantiaeeorrumpant.
616 2052 701 2116 Nam
724 2054 810 2115 sieut
833 2052 904 2147 lieri
926 2071 991 2114 non
1013 2057 1133 2134 potest,
1156 2057 1195 2112 ut
1213 2057 1303 2112 terra

161 2180 227 2228 non
260 2167 412 2250 irrigata,
452 2167 579 2229 etiamsi
613 2163 731 2228 millies
763 2166 798 2225 iu
814 2149 905 2226 ‘eam
940 2162 1135 2246 dejiciantur
1152 2162 1303 2238 ¹semina,

134 2279 271 2361 ‘spicas
299 2277 396 2358 ferat,
424 2279 472 2340 ita
494 2279 593 2340 etiam
624 2277 699 2339 fieri-
718 2265 782 2338 nou
805 2281 934 2358 potest,
964 2281 1001 2336 ut
1028 2274 1153 2336 animus
1183 2269 1313 2334 divinis

163 2387 340 2473 Scripturis
362 2409 428 2452 non
449 2391 613 2474 irrigatus,
638 2389 766 2451 etiamsi
789 2387 952 2470 quispiam
974 2384 1063 2450 mille
1074 2383 1177 2452 verba
1194 2381 1302 2446 effun-

163 2500 237 2583 dat,
270 2500 370 2564 ullam
401 2501 543 2564 tiuetnm
577 2497 740 2564 ostendat.
785 2497 942 2582 Magnum
977 2504 1029 2560 est
1064 2515 1144 2580 ergo
1172 2493 1314 2583 jmalurn1

163 2609 350 2697 Scripturas
380 2615 549 2696 ignorare,
591 2618 626 2676 et
659 2613 745 2674 sieut
778 2609 876 2672 bruta
908 2607 1058 2671 animalia
1092 2603 1301 2671 circumierit,

163 2722 295 2787 Etenim
317 2726 466 2788 oriuntur
493 2722 579 2788 mala
609 2720 857 2785 innumerabilia
889 2741 931 2784 ex
960 2721 1166 2804 ignoratione
1189 2716 1315 2800 Serip-

164 2843 318 2899 turarum.
362 2835 450 2899 Hinc
469 2837 667 2920 genuinavit
688 2853 807 2916 magna
835 2834 953 2916 pestis
969 2822 1171 2896 haeresium.'
1217 2829 1304 2894 Hinc

164 2949 234 3011 vita
262 2946 430 3032 neglecta,
468 2945 598 3009 labores
627 2945 775 3023 inutiles,
804 2946 930 3007 animae
961 2944 1120 3022 caecitas,
1143 2941 1303 3026 deceptio

165 3059 341 3122 daemonis.
386 3057 668 3137 Quemadmodum
693 3059 779 3121 euim
801 3059 858 3138 qui
881 3055 945 3118 hac
965 3054 1038 3118 luce
1069 3063 1145 3118 sunt
1172 3057 1304 3139 privati,

82 3192 84 3195 ·
164 3176 255 3232 recte
278 3189 342 3231 non
364 3177 503 3253 possunt
524 3168 663 3252 ingredi,
687 3171 734 3230 ita
758 3169 855 3231 etiam
875 3169 931 3250 qui
947 3166 1065 3230 divinis
1089 3175 1165 3230 sunt
1185 3167 1305 3251 privati

165 3278 362 3364 Scripturis,
386 3278 483 3344 etad
507 3261 616 3343 aarum
640 3278 751 3344 radios
773 3299 839 3343 non
862 3280 1042 3362 aspiciunt,
1074 3298 1173 3363 saepe
1198 3278 1305 3342 offen-

166 3391 246 3454 dunt
280 3401 318 3455 et'
346 3398 509 3476 coguntur
542 3381 675 3456 assidue
705 3403 854 3476 peceare.
910 3389 1094 3474 Propterea
1127 3391 1305 3454 exhortans

166 3502 298 3568 Paulus.
313 3500 521 3568 Timotheum
541 3504 695 3569 dicebat:
721 3503 892 3582 ,Attendo
907 3503 1140 3567 lectioni'drc.“
1157 3497 1193 3586 ²).

551 3796 769 3880 Qunnsuuo
792 3797 928 3864 eurr.

249 3923 664 4006 ‚Quomododietumestz
677 3925 748 4011 ,In
763 3930 852 3992 omni
873 3934 985 4011 gente,
1007 3929 1064 4010 qui
1085 3927 1307 4008 timetDeum,

169 4049 210 4104 et
222 4049 382 4126 operatur.
396 4041 576 4125 partam,
598 4048 754 4124 aceeptus
779 4049 828 4104 ast
849 4039 943 4104 illi?“
961 4039 993 4122 ῆς
1039 4085 1042 4094 ·
1109 4074 1114 4086 1

386 4233 673 4242 -.-—.—..--..-.-—-
678 4233 955 4239 .---.-.....-..-..-..-..,

238 4350 262 4416 ¹)
278 4350 377 4401 traam
396 4339 443 4416 1'a,
462 4349 504 4399 on.
593 4349 616 4414 ²)
633 4350 655 4399 1.
675 4351 743 4420 rim.
762 4351 788 4415 4,
807 4349 978 4412 13-16311,
997 4349 1065 4399 urm.
1085 4351 1110 4414 a,
1131 4351 1240 4400 13—17.
1259 4349 1308 4402 aa.

237 4445 260 4510 ⁸)
279 4445 397 4496 Praevia
415 4447 521 4510 quill.
540 4444 663 4510 disserit,
693 4445 798 4495 nullum
822 4443 959 4494 infidelem
983 4448 1010 4494 iu
1034 4457 1150 4525 reguum(
1172 4445 1323 4494 coelorum

170 4543 362 4609 introiturum,
376 4553 423 4614 lex
446 4540 538 4590 verbis
557 4538 676 4590 Christi:
707 4539 789 4606 „Nisi
806 4543 867 4604 quis
890 4545 1003 4590 renatus
1027 4535 1110 4590 suerit
1134 4555 1169 4590 ex
1193 4553 1264 4606 aqua
1282 4543 1310 4589 et
