3225 5217
1272 501 1333 564 167

192 672 271 754 quin
301 671 399 735 etiam
428 671 550 738 bonum
573 680 644 736 erat
668 675 698 736 ei
725 674 754 736 si
782 680 879 736 natus
907 693 972 735 non
1000 672 1119 736 fuisset
1150 671 1247 736 homo
1278 673 1334 736 ille

192 783 299 849 «ludas
330 785 387 867 qui
414 783 456 846 ab
485 783 699 848 immaculatis
729 781 853 848 Christi
881 783 1029 848 manibus
1057 764 1151 868 ipsis
1168 787 1334 868 particeps

193 896 301 959 factus
330 895 509 976 est¹)“....
555 893 673 976 ,Unde
700 895 819 978 liquet,
849 916 915 958 non
943 894 1047 958 solam
1075 897 1169 980 panis
1199 892 1335 980 partici-

192 1009 357 1091 pationem
381 1027 456 1070 esse
479 1005 602 1086 cibum,
627 1027 723 1089 quem
743 1009 799 1090 qui
817 1004 1075 1087 manducaverit,
1097 1005 1219 1070 habeat
1235 1010 1334 1070 vitam
1383 1062 1385 1065 .

192 1124 358 1182 aeternam
365 1115 466 1200 2)“....
492 1117 711 1202 ,1)11ρ11ο11οτ·α
727 1121 822 1199 enim,
838 1119 954 1200 inquit,
971 1120 1219 1201 „mysteriorum
1230 1121 1336 1203 parti-

194 1232 283 1313 cipes
299 1229 405 1292 fimus.
437 1227 483 1292 Et
499 1228 547 1290 illi
569 1229 718 1311 quidem,
742 1231 797 1312 qui
818 1232 860 1293 iis
882 1228 971 1312 digni
993 1238 1084 1310 sunt,
1106 1229 1258 1292 fruuntur
1278 1229 1335 1293 illo

192 1361 296 1425 pane,
320 1342 376 1423 qui
398 1339 570 1404 descendit
593 1339 634 1404 de
658 1340 750 1404 coelo
774 1359 920 1424 semper,
950 1343 970 1402 i.
994 1361 1022 1403 e.
1044 1340 1279 1403 inhabitatione
1302 1348 1336 1404 et

192 1451 369 1536 splendore
398 1450 594 1516 sanctissimi
616 1451 726 1516 Patris
758 1451 938 1516 divinitat-is
960 1449 1096 1533 Christi,
1128 1455 1250 1536 quippe
1280 1455 1337 1534 qui

193 1563 304 1626 divina
340 1571 374 1628 et
409 1562 567 1629 coelestia
599 1563 806 1628 meditentur.
856 1563 994 1627 Terreni
1023 1583 1103 1627 vero
1137 1570 1336 1646 terrenaque

194 1676 362 1759 sapientes
392 1683 544 1739 terrenae
572 1677 678 1740 caruis
708 1673 831 1739 Christi
864 1676 1004 1762 ejusque
1029 1674 1132 1738 solius
1160 1677 1337 1759 participes

194 1787 278 1851 fiunt
299 1794 423 1850 temere
447 1795 481 1850 et
502 1785 703 1871 indigne³)“.
726 1823 766 1834 -
789 1782 903 1870 Atque
925 1789 959 1849 in
977 1787 1063 1850 hunc
1086 1785 1218 1849 modum
1239 1789 1336 1850 etiarn

193 1897 297 1962 verba
325 1896 399 1961 illa:
432 1896 491 1979 „Si
522 1901 595 1982 quis
622 1898 870 1962 manducaverit
897 1919 942 1962 cx
974 1898 1038 1961 hoc
1059 1917 1161 1982 pane,
1191 1899 1282 1961 vivet
1302 1901 1337 1960 in
1424 1899 1427 1902 ’

193 2007 440 2090 aeteruum⁴)“,
472 2016 519 2072 et:
568 2009 652 2090 ,Qui
686 2007 862 2073 manducat
891 2029 998 2072 meam
1028 2029 1159 2072 carnem
1191 2017 1225 2072 et
1253 2009 1338 2072 bibit

192 2140 300 2184 mcum
322 2121 533 2204 sanguinem,
562 2122 596 2184 in
617 2141 670 2186 me
691 2127 802 2184 manet
824 2127 858 2184 et
888 2140 951 2206 ego
978 2122 1013 2183 in
1037 2120 1115 2184 illo“
1128 2119 1170 2204 5),
1200 2119 1337 2184 nonde

192 2231 265 2296 sola
288 2233 512 2295 communione
534 2234 681 2315 corporis
701 2240 738 2296 ‘et
760 2234 926 2317 sauguinis
943 2233 1074 2296 Domini
1093 2233 1337 2316 interpretatur.

195 2341 290 2424 „Non
314 2340 355 2406 de
377 2342 513 2424 visibili,
541 2344 662 2438 inquit,
694 2363 754 2407 suo
777 2364 916 2427 corpore
939 2351 973 2406 et
994 2345 1154 2429 sanguine
1175 2343 1335 2406 Dominus

193 2455 276 2519 haec
309 2455 463 2538 loquitur.
517 2455 690 2540 Particeps
730 2457 814 2518 enim
846 2455 910 2518 fuit
946 2463 980 2520 et
1011 2453 1117 2518 Judas
1136 2503 1140 2518 ,
1157 2460 1192 2516 et
1224 2451 1337 2517 Simon

194 2565 313 2650 Magus
337 2569 483 2652 corporis
508 2574 540 2632 et
569 2568 735 2652 sanguinis
757 2565 1002 2648 Eucharistiae,
1030 2567 1125 2650 panis
1154 2572 1188 2628 et
1214 2564 1335 2645 calicis,

1 2683 4 2702 '
111 2757 115 2763 γ
194 2699 303 2760 neque
325 2686 436 2742 tamen
450 2677 600 2742 Christus
619 2681 737 2742 mansit
758 2681 799 2741 in
815 2681 863 2742 eis
884 2697 992 2760 neque
1009 2679 1073 2760 ipsi
1090 2679 1122 2739 in
1139 2673 1336 2760 Christo⁶)“.

196 2790 290 2869 Quae
313 2799 421 2854 autem
445 2793 489 2854 sit
510 2810 590 2853 vera
610 2789 818 2853 manducatio
840 2791 1001 2871 mysticae
1023 2790 1130 2851 carnis
1146 2786 1280 2866 Christi,
1303 2794 1338 2850 et

195 2902 269 2983 quis
290 2903 325 2962 in
349 2921 389 2964 ea
410 2899 597 2964 reconditus
614 2899 788 2965 ineffabilis
811 2901 1041 2985 sanguisejus,
1064 2898 1128 2962 hoc
1144 2906 1180 2962 ut
1194 2896 1336 2980 tradant,

195 3010 275 3075 dicit
296 3032 333 3076 se
356 3011 557 3076 doctioribus
577 3019 614 3080 et
634 3011 846 3096 peritioribus
867 3007 1094 3094 relinquarel).

972 3173 1336 3183 ——m

265 3267 287 3334 ¹)
306 3268 358 3320 col.
379 3269 445 3320 1066
463 3267 494 3317 Β.

264 3363 287 3429 ²)
307 3362 494 3414 oot1068A:
519 3357 603 3426 „niort
621 3356 764 3434 πρόδηλον,
790 3355 828 3413 ὅτι
846 3357 894 3432 οὺγ
912 3359 928 3436 ἡ
947 3370 990 3414 τοῦ
1010 3359 1086 3435 ἄρτου
1115 3359 1252 3438 μετάληψις
1273 3340 1335 3437 μίνη

196 3453 261 3510 ἐστίν
279 3454 295 3531 ι)
315 3455 420 3530 βρῶσις,
441 3454 468 3516 ἐξ
487 3455 517 3529 ἧς
535 3454 620 3530 ραγιίιν
638 3474 674 3513 τις
692 3453 743 3528 ἔχει
761 3452 829 3530 ζωὴν
848 3453 931 3532 ψυχης
948 3453 993 3531 τίγν
1011 3453 1137 3509 αἱώνιον.“

265 3551 288 3618 ⁸)
308 3553 359 3602 col.
379 3552 494 3604 1068D:
515 3553 607 3609 Διττῶς
626 3549 757 3624 μετέχομεν
775 3561 825 3601 τῶν
851 3546 1006 3624 μυστηρίων,
1034 3547 1058 3602 οί
1082 3548 1124 3624 μὲν
1149 3548 1214 3610 ἄξιοι
1238 3547 1337 3602 ἐκείνων

197 3641 353 3697 ἀπολαύουσι
370 3653 414 3697 τοῦ
434 3643 510 3718 ἄρτου
528 3654 572 3696 τοῦ
592 3641 779 3711 καταβαίνοντος
798 3640 837 3696 ἀεί
861 3643 889 3695 ἐκ
912 3653 955 3696 τοῦ
976 3640 1099 3717 οὐρανοῦ,
1121 3642 1186 3696 τοῦτ’
1206 3642 1269 3710 ἔστι,
1292 3654 1336 3719 της

198 3736 345 3814 ἐνοικήσεως
363 3735 404 3791 καί
422 3735 567 3812 ἐκλάμψειυς
585 3747 630 3790 τοῦ
649 3735 771 3812 παναγίου
790 3735 888 3811 Πατρὸς
904 3748 949 3812 τῆς
967 3736 1086 3811 θεότητος
1103 3747 1148 3790 τοῦ
1166 3739 1283 3812 Χριστοῦ,
1302 3738 1337 3797 ὥς

196 3833 228 3887 τὰ
245 3832 303 3886 θεῖα
328 3830 369 3884 καί
388 3829 491 3906 οὐράνιοι
510 3841 664 3905 φρονοῦντες.
701 3830 733 3886 Οἱ
756 3832 783 3885 δὲ
806 3831 889 3907 γίγῖνοι
911 3830 952 3884 καί
974 3830 1005 3884 τὰ
1027 3830 1102 3906 γήϊνα
1123 3841 1270 3905 φρονοῦντες
1292 3843 1337 3908 της

196 3937 317 4004 γηγενοῦς
334 3923 375 3979 καί
394 3924 470 4000 μίνης
490 3923 579 4000 σαρκὸς
597 3936 641 3980 τοῦ
654 3930 762 4002 Χριστοῦ
783 3926 1008 4001 μεταλαμβάνουσιν
1019 3926 1151 4002 τολμηρῶς
1168 3923 1209 3979 καί
1221 3923 1336 3986 ἀναξίως.
1431 3927 1436 3937 “

265 4022 476 4090 wmffla
681 4087 683 4095 γ
791 4023 999 4090 emam

266 4117 288 4184 ⁸)
307 4116 359 4168 col.
379 4115 491 4166 1ovoB:
511 4110 568 4178 „Ol
587 4111 644 4188 περί
662 4125 706 4190 της
725 4111 856 4190 ἱερωμένης
874 4113 951 4170 αὐτοῦ
970 4111 1060 4189 σαρκὸς
1078 4111 1118 4167 καί
1137 4109 1239 4187 αἵματος
1256 4113 1336 4189 λέγει·

198 4209 316 4286 μετέλαβε
339 4207 387 4282 γὰρ
412 4204 564 4266 κα“ι“Ἰοιίδας
588 4205 629 4261 καί
653 4206 737 4284 Σίμων
763 4206 775 4262 ὁ
795 4209 880 4283 Μάγος
903 4218 947 4262 τοῦ
967 4208 1080 4283 σώματος
1104 4206 1145 4260 καί
1167 4218 1211 4261 τοῦ
1234 4203 1337 4283 αίματος

197 4316 242 4381 της
260 4300 432 4378 εὐχαριστίας,
450 4311 494 4354 τοῦ
513 4301 589 4376 ἄρτου
607 4299 648 4356 καί
666 4313 710 4356 τοῦ
729 4301 869 4378 ποτηρίου,
888 4301 941 4357 ἀλλ’
960 4301 989 4356 orl
1006 4302 1164 4377 κατῴκησεν,
1183 4299 1241 4356 οὐδὲ
1260 4303 1336 4376 μεμέ-

172 4387 174 4390 ’
198 4417 271 4474 νηκεν
288 4396 314 4450 ἰν
333 4393 449 4456 adsciti
473 4394 595 4474 Χριστὸς,
614 4395 672 4450 οὐδὲ
690 4394 760 4451 αὐτοὶ
780 4396 805 4450 ἐν
825 4394 922 4470 αὐτῷ.“

269 4493 291 4560 ⁷)
310 4495 361 4546 col.
382 4493 480 4547 10700.
