3225 5217
1258 548 1298 612 13

159 717 320 784 seditione
342 726 452 783 autem
474 717 622 784 Hebraei
653 720 841 804 superiores
861 719 966 783 fuere.
1009 717 1180 805 Ingentem
1201 740 1296 783 nam·

159 848 224 913 que
247 827 508 895 Christianorum
529 828 767 894 multitudinem
799 837 858 894 aut
886 830 977 895 ferro
1005 830 1216 894 conciderunt
1236 840 1295 895 aut

159 943 227 1025 igni
237 960 336 1024 quem
352 944 386 1004 in
396 940 496 1005 aedes
509 960 621 1005 eorum
633 942 843 1026 conjecerant
853 950 1062 1006 exemerunt
1083 939 1167 1027 Ejus
1177 943 1300 1007 Ptoou

158 1052 249 1136 impii
271 1060 306 1117 et
326 1052 484 1138 {legitimi
505 1051 664 1116 facinoris
682 1046 809 1137 poenas
837 1048 986 1135 sumens,
1014 1057 1186 1118 tormentis
1215 1054 1298 1118 sub·

159 1162 243 1229 didit
264 1171 365 1247 atque
386 1163 467 1228 urbe
486 1166 608 1249 exegit
643 1162 697 1227 Illi
706 1184 787 1227 vero
806 1164 994 1229 etcivitatis
1010 1163 1099 1228 illius
1118 1166 1299 1229 antistitem

158 1272 369 1339 Anastssium
396 1274 539 1355 Grepoffl
559 1292 784 1356 musmonem,
813 1275 973 1339 etbrono
995 1274 1298 1358 suodeturbatum,

9 1388 21 1415 ³
64 1434 65 1440 κ
158 1387 304 1470 luneque
325 1386 465 1472 pedibus
488 1386 645 1473 alligato,
669 1404 730 1471 per
758 1386 874 1451 urbem
901 1394 1043 1451 nautum
1071 1385 1173 1451 foeda
1190 1394 1298 1450 morte

158 1497 348 1563 effecerunt.
392 1495 565 1563 Vereudas
593 1517 734 1581 namque
766 1498 836 1583 ejus
863 1504 976 1581 partes
993 1500 1083 1563 inter
1102 1499 1298 1563 babendum

160 1628 238 1673 ense
257 1610 386 1673 excisas
408 1611 442 1671 in
464 1628 502 1673 os
525 1609 596 1693 ejus
618 1609 769 1694 injecere.
806 1607 932 1673 Postea
949 1628 1030 1676 vero
1050 1608 1141 1673 illum
1158 1608 1296 1693 perinde

159 1740 199 1783 ac
220 1693 446 1784 holdeuustum
469 1718 636 1803 quoddam
658 1720 726 1805 igni
747 1718 946 1783 tradidere“.
1217 1786 1220 1794 ,

243 1820 333 1894 Huic
358 1830 536 1896 Anastasio
560 1832 682 1915 juniori
715 1833 929 1895 communiter
949 1831 972 1914 ¹)
1005 1832 1187 1897 attribuunt
1218 1852 1298 1899 ver·

159 1944 283 2007 sionem
307 1938 468 2007 Graecam
497 1940 572 2005 libri
602 1941 644 2006 de
675 1962 753 2007 cura
785 1940 962 2025 pastorali,
996 1959 1093 2024 quem
1115 1941 1298 2029 Gregorius
1333 2014 1338 2019 ,

159 2052 206 2116 Μ.
234 2060 473 2137 composuerat.
520 2053 626 2131 Quam
655 2056 841 2117 versionem
870 2050 1053 2137 Gregorius
1080 2074 1181 2139 aegre
1212 2052 1297 2137 tulit,

159 2172 196 2227 ut
215 2172 308 2247 patet
331 2184 374 2228 ex
398 2164 468 2249 ejus
490 2156 540 2247 sp.
565 2164 616 2227 24.
638 2163 693 2227 lib.
707 2161 795 2227 XII.¹
811 2163 855 2227 ad
875 2162 1038 2229 loannem
1061 2164 1296 2235 subdiaconum

159 2272 338 2347 Ravennae
369 2274 422 2338 his
446 2273 577 2339 verbis:
609 2274 721 2357 „Nam
753 2277 830 2357 quia
858 2273 1091 2340 dilectissimae
1121 2280 1297 2342 memoriae

159 2385 334 2450 Anatolius
356 2384 524 2449 Diaconus
546 2387 717 2469 quaerenti
740 2404 779 2449 ae
797 2384 926 2469 jubenti
947 2386 1079 2451 domino
1100 2386 1296 2471 Imperatori

158 2494 277 2561 librum
298 2497 433 2581 regulae
455 2496 631 2581 pastoralis
654 2494 763 2577 dedit,
785 2516 887 2581 aegre
908 2500 1056 2581 suscepi:
1079 2518 1183 2580 quem·
1198 2515 1296 2563 sanc-

158 2610 301 2671 tissimus
324 2608 428 2672 irater
451 2616 485 2672 et
506 2609 723 2692 coepiscopus
745 2627 839 2671 meus
860 2602 1056 2675 Anastasius
1072 2607 1295 2675 Antiochensis

157 2720 191 2781 in
209 2716 371 2782 Graecam
394 2718 537 2805 linguam
560 2718 736 2783 transtulit
781 2716 829 2781 Et
848 2721 934 2782 sicut
955 2718 1034 2781 milri
1054 2721 1211 2803 scriptum
1234 2729 1294 2801 est,

157 2830 187 2893 ei
208 2829 306 2893 valde
328 2825 468 2913 placuit,
500 2829 560 2894 sed
582 2830 660 2893 mibi
682 2828 780 2894 valde
802 2828 986 2913 displicuit,
1014 2837 1053 2893 ut
1074 2832 1146 2912 qui·
1159 2830 1295 2895 meliora
1330 2890 1334 2893 .

156 2939 295 3021 habent,
318 2942 351 3002 in
372 2942 512 3005 minimis
537 2941 768 3024 occupentur‘t

240 3048 451 3115 Anastasium
472 3070 572 3135 porro
594 3051 680 3114 hune
697 3052 861 3135 juniorem
873 3070 893 3115 a
905 3051 1104 3137 Necepboro
1115 3052 1200 3117 male
1212 3073 1295 3116 con-

153 3160 248 3225 fundi
271 3182 344 3225 cum
365 3160 544 3225 Anastasio
567 3163 712 3242 seniore,
735 3162 792 3244 qui
814 3165 1003 3243 antecessit,
1021 3164 1036 3248 j
1112 3184 1213 3248 supra
1234 3164 1292 3229 de·

154 3271 395 3356 prehendimus,
405 3270 482 3335 dum
493 3270 703 3337 Anastasium
715 3274 888 3352 seniorem,
901 3272 1055 3358 Gregorii
1069 3289 1293 3338 successorem

155 3402 252 3464 quem
274 3383 387 3446 aues.
410 3391 573 3447 mortuum
597 3402 670 3447 esse
694 3402 737 3446 ex
751 3381 905 3467 Gregorii
917 3382 962 3446 M.
980 3385 1076 3468 epist.
1087 3386 1139 3449 49.
1162 3384 1216 3449 lib.
1229 3384 1293 3449 IX.

155 3499 294 3575 constat,
318 3495 419 3557 vitam
431 3512 629 3578 prorogasse
640 3492 711 3557 vult
726 3512 832 3576 usque
843 3492 886 3556 ad
897 3494 1043 3558 Pbocam
1059 3493 1294 3578 Imperatorem

149 3603 217 3687 jani
240 3612 432 3689 regnantem
453 3603 509 3685 (ab
532 3625 605 3668 ann.
619 3604 814 3687 tou-610),
838 3624 1035 3688 quamquam
1058 3606 1091 3667 in
1113 3604 1178 3668 tine
1201 3604 1293 3688 ejus-

154 3712 228 3778 dem
240 3716 356 3799 capitis
368 3716 419 3778 44.
452 3714 629 3779 Anastasio
650 3718 803 3779 restituto
822 3734 885 3779 sex
901 3714 1005 3779 solum
1022 3734 1124 3779 annos
1136 3715 1292 3799 assignat

153 3824 376 3910 Nicephorum
412 3833 522 3889 autem
555 3825 644 3889 illam
684 3826 908 3891 foedissimam
947 3834 1084 3891 martem
1116 3825 1292 3890 Anastasio

153 3939 255 4021 priori
276 3936 473 4020 attribuere,
508 3938 605 4001 etiam
640 3958 683 4001 ex
720 3958 760 4001 eo
794 3936 1005 4022 intelligitur,
1037 3936 1127 4021 quod
1160 3938 1292 4020 etipse

152 4045 290 4112 alterum
302 4046 513 4112 Anastasium
525 4050 601 4112 huic
609 4056 677 4113 tam
690 4046 868 4113 crudeliter
877 4047 1051 4112 interiecto
1061 4046 1292 4111 succedentem

153 4214 213 4221 -υ-σ.
221 4212 496 4221 -κῌη--ψ--η-η.-
508 4215 523 4220 η.
530 4215 547 4220 ...
558 4214 594 4220 -.ι.
601 4216 607 4219 -
621 4215 635 4220 ..
642 4216 645 4219 .
653 4214 665 4221 ‹-
672 4215 677 4219 .
686 4211 910 4219 ....-....-.<>.-...-

222 4321 244 4387 ¹)
262 4320 359 4375 Oudln.
378 4327 443 4371 tom.
461 4322 483 4375 1.
501 4322 552 4373 col.
573 4323 652 4385 14803
681 4320 772 4387 Cave,
795 4334 823 4385 p.
841 4320 907 4386 tbi,
929 4320 1034 4371 Fabrlc.
1054 4321 1104 4388 (in
1120 4321 1223 4373 Petrei.
1242 4321 1288 4373 Gr.

151 4421 170 4466 t.
189 4418 231 4467 89.
251 4416 301 4467 col.
321 4418 336 4466 9
356 4420 383 4467 et
402 4415 476 4480 10.);
504 4416 537 4467 cl.
557 4419 647 4467 tamen
670 4416 721 4467 col.
741 4416 809 4467 luoo
826 4415 857 4465 B.
876 4430 912 4465 ex
929 4414 991 4466 Act.
1010 4413 1058 4468 SS.
1082 4420 1148 4468 tom.
1166 4416 1200 4467 Π.
1218 4416 1289 4481 Apr.

152 4526 178 4577 p.
196 4510 255 4561 853.
