3225 5217
1289 510 1328 573 51

191 683 244 748 cni
265 702 383 746 nomen
397 680 512 749 Moses
533 699 639 747 murs
660 687 779 765 postea
793 679 906 763 inerit,
926 680 971 746 ab
989 680 1100 764 aliquo
1122 681 1331 763 „amimam

189 801 343 858 vocatum
364 793 479 858 fuisse
1279 855 1298 900 ὁ

275 905 429 988 Denique
450 925 516 968 nou
537 906 746 989 negaverim,
775 925 820 968 ex
849 903 997 988 pluribus
1018 905 1161 972 nendum
1184 903 1331 970 collectis

190 1014 359 1080 codicibus
375 1017 606 1099 manuscriptis
624 1015 770 1080 nonnihil
785 1018 960 1082 rectiorem
978 1025 1078 1100 atque
1095 1019 1332 1082 accuratiorem

189 1127 287 1212 hujus
309 1129 420 1211 operis
443 1126 621 1192 editionem
650 1129 778 1192 institui
805 1149 922 1212 posse,
952 1149 1051 1228 quam
1082 1148 1167 1211 quae
1199 1134 1332 1194 exstent

190 1235 405 1303 Gretseriaua
425 1247 462 1304 et
482 1246 630 1321 ceterae,
654 1259 699 1303 ex
721 1237 936 1304 Gretseriana
957 1259 1102 1308 recusae.

700 1522 704 1528 .
723 1493 741 1581 ἓ
766 1497 796 1561 3·
886 1569 901 1596 ,1

274 1633 350 1700 Jam
372 1655 468 1716 vero,
490 1632 652 1699 benevole
674 1633 794 1717 lector,
818 1654 892 1697 cum
914 1641 1018 1698 totum
1043 1637 1126 1718 opus
1149 1631 1328 1698 Anastasio

188 1754 302 1810 nostro
331 1746 581 1828 vindicaverim,
613 1745 656 1809 ad
687 1748 894 1832 propositum
927 1743 1122 1827 redeamus,
1156 1753 1256 1829 atque
1288 1765 1331 1808 ex

188 1857 261 1945 ipso
291 1878 393 1942 opere
420 1865 576 1941 tanquam
599 1878 643 1921 ex
673 1859 857 1922 certissimo
890 1855 1121 1940 fundamentO,
1158 1877 1219 1945 par
1241 1855 1331 1940 quod

188 1975 317 2052 tempus
339 1967 536 2033 Anastasius
557 1970 699 2051 vixerit,
722 1989 884 2034 eruamus.

276 2078 389 2164 Atque
414 2064 555 2144 aetatem
583 2080 654 2166 ejus
672 2100 768 2164 quam
785 2082 925 2164 primum
943 2079 1106 2164 conjicere
1124 2077 1202 2144 licet
1218 2101 1262 2144 cx
1281 2100 1331 2164 eo,

188 2192 370 2278 quodquae
380 2191 469 2255 facta
480 2189 1250 2278 sintAlsxandriaepostmortembeatiEulogii,
1262 2191 1332 2277 ejus

188 2302 280 2368 urbis
290 2302 507 2388 patriarchae,
524 2302 566 2366 ab
573 2299 811 2368 Alexandrinis
831 2323 868 2367 se
887 2302 1053 2367 audivisse
1071 2309 1191 2366 narrat.
1213 2299 1332 2367 Refert

190 2417 274 2478 euim
298 2435 369 2498 cap.
390 2413 437 2477 X.
453 2412 490 2500 ¹):
512 2411 716 2497 „Narraboni
737 2413 825 2478 uobis
853 2413 1007 2480 catholici
1029 2415 1085 2498 qui
1106 2412 1331 2478 Alexandriae

189 2535 297 2609 erant,
330 2533 407 2610 post
428 2534 579 2610 tempora
599 2526 690 2590 beati
710 2523 844 2610 Eulogii
871 2546 978 2610 papae
1002 2523 1265 2609 (Alexandrini)
1286 2525 1331 2588 ibi

187 2637 292 2701 fuisse
306 2635 524 2722 Augustalem
539 2635 701 2720 quendam
718 2635 943 2719 Severianum,
967 2638 1024 2719 qui
1044 2657 1105 2720 per
1123 2657 1226 2700 armos
1249 2638 1330 2700 satis

186 2747 343 2832 mult0s²)
362 2748 610 2832 quatuordecim
623 2747 844 2833 calligraphos
858 2744 1004 2833 ejusdem
1016 2767 1127 2811 secum
1148 2749 1329 2812 sententiae

186 2858 339 2925 habuerit
367 2881 406 2924 ac
435 2859 567 2942 aluerit,
605 2858 724 2943 quibus
755 2857 789 2922 id
820 2860 944 2943 negotii
974 2856 1091 2941 dabat,
1126 2865 1162 2922 ut
1192 2859 1327 2923 Petrum
1390 2923 1394 2936 ,

186 2969 288 3036 libros
320 2970 480 3036 falsarent
515 2992 556 3035 ac
589 2970 825 3055 depravarent,
865 2973 1008 3035 maxime
1041 2975 1144 3036 sancti
1179 2971 1327 3056 Cyrilli“.

187 3080 291 3165 Atqui
311 3090 460 3146 mortuus
482 3091 534 3147 est
556 3079 589 3147 S.
601 3081 763 3166 Eulogius
784 3103 815 3147 a.
829 3083 902 3164 608,
925 3079 979 3147 dic
1004 3081 1053 3147 13.
1074 3081 1278 3167 Septembris
1293 3081 1328 3162 ³).

186 3187 315 3255 Floruit
348 3213 429 3276 ergo
456 3191 667 3258 Anastastius
697 3201 811 3258 noster
844 3201 934 3257 certe
962 3195 1105 3278 septimo
1133 3194 1264 3258 saeculo
1295 3201 1329 3257 et

185 3300 410 3368 Alexandriae
432 3303 496 3367 fuit
519 3307 632 3387 „annis
655 3307 736 3368 satis
757 3303 889 3368 multis“
911 3311 988 3389 post
999 3303 1187 3391 Eulogium.
1210 3304 1328 3388 Itaque

185 3436 294 3499 neque
316 3414 512 3480 Anastasius
541 3417 632 3502 prior
661 3415 848 3502 patriarcha
870 3414 1114 3499 Antiochenus,
1142 3419 1208 3501 ‘qui
1241 3414 1327 3480 diem

185 3547 372 3613 supremum
396 3527 476 3591 obiit
504 3548 535 3592 a
557 3527 640 3610 599,
672 3547 782 3610 neque
815 3530 913 3592 etiam
934 3526 1131 3594 Anastasius
1161 3527 1267 3614 junior
1295 3536 1328 3591 et

185 3640 304 3723 prioris
325 3659 497 3702 successor
510 3637 554 3722 ⁴),
583 3639 638 3722 qui
660 3641 818 3722 martyrio
841 3646 1017 3704 coronatus
1041 3647 1091 3703 est
1113 3661 1141 3703 a.
1165 3640 1245 3722 608,
1274 3639 1327 3704 die

186 3749 236 3812 21.
265 3749 476 3832 Decembris,
510 3750 608 3834 hujus
639 3748 772 3834 Hudegi
805 3751 916 3834 operis
949 3759 1065 3815 auctor
1097 3771 1171 3816 esse
1204 3759 1325 3835 potest.

255 4129 278 4195 ¹)
295 4129 348 4180 cal.
368 4130 420 4180 184
435 4129 469 4179 D.
743 4128 767 4195 ²)
786 4123 828 4180 iel
848 4124 930 4186 laevi<
947 4123 1062 4200 χρόνους.

140 4256 148 4262 -
252 4223 276 4290 ⁸)
295 4224 347 4274 col.
367 4221 833 4286 llet1230udin.torn.11.cul.
853 4223 912 4276 556.
1137 4216 1140 4220 ’

252 4319 276 4384 ⁴)
294 4318 391 4382 Neque
405 4321 476 4369 enim
490 4320 573 4368 etlam
589 4317 635 4370 hie
642 4317 828 4370 Alexandriae
844 4331 905 4368 esse
922 4319 1013 4382 potuit
1025 4313 1085 4390 μιτὰ
1103 4311 1200 4376 ἱκανοὺς
1217 4312 1326 4389 χρόνους

183 4416 247 4478 post
269 4412 379 4478 Eulogii
402 4417 533 4476 mortem,
563 4427 626 4464 curn
651 4410 748 4464 eodem
770 4415 854 4464 etiam
878 4425 949 4464 aare
975 4390 1041 4477 quo(
1053 4411 1187 4478 Eulogius
1211 4416 1327 4473 mortem

184 4507 353 4560 accubuerit

1117 4601 1152 4654 ,μ
