3225 5217
324 530 345 594 2

324 698 380 767 vel
408 701 536 787 potius,
569 709 609 766 ut
636 701 708 787 ejus
730 702 834 787 ipsius
856 723 940 768 voce
961 712 1052 784 uter,
1085 698 1242 768 detrudit
1286 700 1375 769 Huic
1402 725 1463 770 suo

324 821 442 896 querto
464 812 643 877 Ansttesio
663 816 774 877 omnis
794 834 901 898 poene
928 817 1069 900 scripte,
1099 835 1185 897 quse
1212 814 1274 879 sub
1296 816 1464 881 Anestesii

323 925 395 988 sive
427 922 571 991 Sineitee
611 925 683 988 sive
715 914 915 989 Antio'cbeni
945 928 1076 991 nomine
1113 935 1266 1008 exstent,
1305 927 1463 994 attribuit.

322 1032 410 1099 Hinc
443 1054 564 1119 operae
596 1038 739 1119 pretium
771 1034 851 1099 mibi
872 1038 979 1100 visum
1013 1046 1074 1117 est,
1109 1036 1191 1119 quid
1220 1036 1262 1102 de
1284 1037 1463 1102 Anastasio

323 1142 449 1211 Sineite
471 1143 676 1210 sentiendum
698 1146 759 1225 sit,
783 1166 827 1210 ex
849 1148 931 1230 ipsis
953 1146 1107 1231 operibus
1130 1169 1256 1213 eruere.

410 1254 478 1322 Sed
512 1254 546 1319 id
581 1258 727 1341 inprimis
759 1256 956 1323 benevolum
989 1258 1146 1323 lectorem
1174 1258 1347 1325 attendere
1375 1260 1463 1339 volo,

323 1388 376 1433 me
398 1366 452 1431 bic
473 1387 538 1431 non
559 1388 662 1453 egere
685 1366 728 1431 de
750 1366 919 1434 codicibus
940 1372 1188 1455 manuscriptis,
1221 1373 1278 1453 qui
1308 1374 1342 1435 in
1363 1373 1462 1435 veriis

323 1476 532 1543 bibliothecis
554 1476 738 1561 ubicunque
751 1478 898 1547 locorum
913 1488 1048 1546 exstent
1059 1480 1093 1562 ¹),
1116 1480 1176 1545 sed
1198 1501 1239 1545 ee
1257 1484 1462 1566 potissimum

323 1587 456 1653 sciere
482 1587 587 1651 solum
615 1592 798 1673 respicere,
832 1610 918 1673 quse
946 1592 1107 1675 impresse
1133 1590 1295 1656 habentur
1320 1594 1355 1655 in
1384 1590 1462 1657 edit.

323 1697 490 1783 Mignicne
512 1698 636 1763 Petrol.
659 1696 777 1765 Graec.
798 1708 877 1765 tom.
897 1700 965 1778 89..
998 1700 1041 1765 ud
1064 1721 1163 1785 quem
1185 1722 1316 1787 semper
1336 1705 1460 1775 amicus

323 1807 429 1875 lector
459 1812 607 1887 revocari
640 1831 676 1875 se
710 1814 827 1891 sciet,·
852 1814 1123 1895 quotiescumque
1157 1812 1324 1877 columnas
1349 1811 1463 1877 ‘solum

321 1922 551 1998 citaverimus,
573 1920 702 1986 nullius
717 1924 828 2005 operis
849 1922 1011 1987 mentione
1033 1923 1133 1986 seete.

322 2064 329 2075 ι
409 2028 584 2097 Caetermn
612 2030 655 2096 eb
684 2031 746 2096 bec
776 2035 973 2117 quaestione
1001 2030 1156 2097 exclusos
1186 2054 1262 2098 esse
1282 2034 1463 2097 monuerim

321 2142 479 2227 imprimis
500 2141 584 2208 duos
607 2142 681 2208 illos
703 2144 911 2225 Anastasioe,
933 2140 967 2210 S.
984 2144 1124 2209 Maximi
1144 2144 1294 2209 monachi
1315 2152 1350 2207 et
1370 2162 1461 2207 mer-

322 2256 406 2338 tyris
417 2250 604 2339 discipulos.
625 2252 793 2336 „Quorum
805 2272 890 2321 uuus
898 2252 1103 2335 Anastasius,
1120 2256 1261 2338 primum
1270 2252 1460 2334 moneehus,

322 2362 443 2430 deinde
464 2365 586 2448 ebbae,
607 2342 705 2429 istus
726 2385 756 2429 et
779 2365 860 2445 618,
895 2364 928 2431 S„
952 2362 1091 2429 Maximi
1119 2367 1268 2450 magistri
1298 2366 1461 2444 itinerum,

221 2460 226 2465 ’
322 2474 553 2559 columitatem,
576 2474 748 2543 exiliorum
770 2494 832 2560 per
851 2477 1014 2561 integrum
1027 2474 1221 2539 decennium
1242 2470 1354 2540 comes
1374 2474 1462 2538 indi·

321 2586 450 2668 viduus,
473 2586 589 2653 eleruit
611 2608 640 2651 s.
659 2586 732 2655 655.
756 2608 823 2670 quo
846 2604 912 2650 uns
933 2606 1007 2650 eum
1029 2584 1063 2651 S.
1080 2584 1229 2649 Maximo
1250 2585 1462 2671 imperatorie

319 2697 414 2783 jussu
429 2696 536 2762 Rome
551 2696 869 2783 Constantinopolim
890 2704 1080 2781 asportatus
1102 2702 1164 2776 est,
1185 2695 1232 2764 ibi
1251 2700 1285 2759 in
1303 2696 1462 2781 judicium

322 2815 457 2890 tractus,
481 2806 560 2873 diris
577 2806 683 2872 modis
702 2810 892 2893 exagitatus
908 2824 948 2871 so
959 2805 1089 2871 demum
1100 2806 1270 2873 Perberim
1277 2806 1461 2893 relegatus.

323 2917 364 2983 ab
377 2917 449 2983 662.
470 2915 592 2987 Larice
613 2936 687 2981 eom
709 2915 747 2981 Β.
770 2916 918 2982 Maximo
942 2915 1135 3001 deportetis
1158 2925 1227 2998 est,
1249 2916 1305 2981 ubl
1326 2924 1394 2981 tem
1416 2936 1461 2982 ex

322 3037 555 3094 tormentorum
586 3036 621 3092 et
641 3026 816 3097 verberum
845 3047 931 3111 quoe
959 3026 1111 3112 Byzantii
1144 3030 1343 3093 sustinuerat
1366 3029 1462 3112 copie

323 3160 421 3225 quem
445 3160 489 3204 ex
512 3138 746 3203 afflictionibus
770 3146 804 3203 et
825 3140 986 3228 angustiis
1015 3137 1079 3203 boc
1106 3141 1140 3201 in
1168 3137 1243 3202 loco
1268 3140 1332 3223 ipsi
1361 3137 1461 3202 illatis

321 3254 380 3314 vix
402 3249 510 3315 adhue
532 3250 710 3315 semivivus
732 3248 786 3315 die
809 3251 860 3313 24.
875 3248 956 3314 Julii
977 3270 1007 3313 o„
1023 3249 1096 3311 644.
1118 3252 1152 3311 iu
1173 3248 1315 3312 Domino
1336 3246 1461 3312 obdor-

775 3440 995 3448 ..κ-...κ--ιμ-

392 3556 414 3625 ¹)
433 3555 523 3609 Solius
541 3558 608 3609 mihi
626 3558 706 3621 copis
724 3558 776 3609 mit
792 3556 919 3607 Bevsrici
937 3553 996 3605 cod
1011 3552 1176 3619 Gesseris,
1194 3569 1231 3605 ex
1247 3554 1416 3608 bummitste
1434 3559 1463 3605 et

322 3664 406 3716 opere
429 3653 625 3717 spectatissimi
648 3652 701 3701 viri
723 3664 756 3703 sc
780 3648 883 3701 domini
903 3648 937 3698 m
958 3646 1084 3713 Rulsnd,
1107 3645 1136 3698 S.
1160 3647 1256 3699 Theol.
1280 3647 1407 3699 Doctoris
1430 3658 1464 3697 ec

322 3742 582 3797 summl'Prseieetl
603 3743 792 3795 Bibliothecae
817 3742 906 3794 slmee
923 3742 1119 3793 Universitetis
1142 3740 1359 3806 Herblpoleusis.
1392 3740 1463 3790 Eum

320 3840 404 3903 igitur
433 3837 556 3888 codicem
581 3840 737 3888 accuratius
761 3851 824 3887 eum
847 3836 1060 3897 Quaestionlbus
1085 3837 1225 3901 impressis
1246 3837 1275 3885 in
1295 3834 1398 3885 Petrol.
1416 3832 1462 3896 0³.-

323 3936 387 3983 tom.
408 3932 451 3983 89.
487 3930 536 3981 Ed.
555 3930 640 3997 Mlgu.
659 3930 710 3981 col.
729 3932 778 3982 311
798 3944 873 3996 seqq.
892 3929 1004 3981 contuli.
1039 3929 1094 3991 Qui
1116 3930 1183 3981 lieet
1205 3931 1307 3995 optimo
1329 3928 1420 3978 fructu
1435 3930 1463 3977 in

321 4039 395 4077 novo
404 4024 600 4085 Quaestionum
618 4023 738 4075 editione
754 4024 922 4075 instituendo
938 4024 1122 4091 colligeretur,
1139 4028 1236 4088 utpote
1254 4023 1301 4087 qui
1317 4022 1463 4086 pleresque

321 4118 453 4170 lectiones
472 4120 628 4183 contineat,
655 4131 725 4181 quse
742 4119 770 4167 ln
786 4120 926 4183 impressis
944 4117 1147 4183 desiderentur,
1170 4117 1216 4169 vel
1239 4132 1275 4167 ex
1292 4116 1391 4181 quibus
1408 4118 1463 4167 im-

322 4226 435 4277 pressae
456 4213 559 4276 optime
584 4212 684 4277 corrigi
708 4213 829 4276 possint,
855 4218 938 4277 etque
965 4213 1000 4263 eb
1024 4211 1149 4262 omnibus
1174 4210 1317 4275 hueusque
1340 4209 1464 4261 collectis

322 4304 462 4357 codicibus
487 4303 590 4371 sliqutd
606 4303 715 4356 differre
742 4304 881 4367 videatur,
905 4309 997 4357 temen
1016 4308 1044 4355 iu
1068 4320 1101 4355 eo
1124 4304 1193 4355 uilril
1214 4305 1320 4368 inveni,
1349 4318 1386 4353 ex
1409 4315 1463 4367 quo

320 4395 455 4462 judicium
479 4413 585 4465 meum,
612 4414 648 4451 ex
672 4401 811 4465 impressis
835 4399 1041 4465 quaestiouibus
1065 4400 1196 4463 petitum,
1219 4398 1362 4448 reiormeri
1382 4410 1464 4462 posse

324 4495 486 4551 existimem.
