3225 5217
1299 501 1319 562 'i

178 671 400 757 nopoliianum
418 672 453 756 ¹),
475 674 531 756 qui
543 671 706 737 Joauuem
716 670 942 737 Alexandriae
959 670 1161 756 Episcopum
1184 670 1319 735 ordina·

178 792 281 865 verat7
293 791 327 849 at
338 804 413 849 eum
424 786 482 867 qui
492 783 535 848 ab
545 783 603 849 illo
614 784 723 849 iuerat
739 782 919 864 ordinatus,
935 781 1033 847 simul
1042 780 1318 867 pertrinxisset²)‚

177 894 291 979 pulsus
321 903 372 959 est
400 914 461 960 suo
482 892 687 979 Episcopatu
709 893 752 960 ob
780 892 1037 977 indignationem
1058 891 1227 975 Justiui“,
1260 893 1319 979 qui

177 1012 214 1069 ut
234 1006 281 1068 ait
292 1003 456 1086 Valesius,
477 1003 639 1071 Joaunem
652 1002 894 1071 Scholastimm
914 1002 1085 1089 diligebat,
1107 1021 1207 1087 aquo
1220 1001 1324 1068 vide-

176 1114 254 1179 licet
274 1115 384 1179 iuerat
405 1122 581 1181 coronatus
595 1112 644 1199 8).
1416 1115 1420 1128 “

262 1224 379 1309 Itaque
392 1224 589 1291 Anastasius
610 1227 644 1291 iu
668 1224 804 1291 exilium
825 1225 942 1310 pulsus
963 1233 1016 1289 est
1035 1243 1122 1289 anuo
1144 1223 1219 1305 570,
1241 1244 1317 1289 eum

177 1356 220 1400 ex
237 1334 417 1420 Nicephori
434 1334 598 1401 Chronico
620 1344 655 1401 et
672 1334 884 1421 Theophanis
904 1334 1027 1399 tabulis
1048 1332 1192 1399 sedisset
1212 1355 1316 1401 annos

175 1445 342 1528 undecim,
375 1447 446 1531 ejus
474 1454 584 1511 autem
617 1445 692 1509 loeo
721 1442 906 1531 Gregorius
940 1444 1074 1529 quidam
1086 1442 1113 1527 ⁴)
1145 1444 1315 1532 illegitime

175 1556 350 1639 suffectus,
383 1576 482 1641 quem
508 1566 618 1623 tamen
645 1559 678 1619 in
705 1555 779 1622 aliis
804 1555 938 1621 abunde
966 1554 1081 1621 laudat
1101 1552 1314 1640 Evagrina⁶t

175 1666 242 1731 Ubi
263 1674 372 1731 autam
394 1666 590 1735 Auesmsius
614 1667 694 1733 exul
713 1668 830 1750 fuerit,
859 1688 997 1753 prorsus
1023 1668 1184 1732 incorum
1211 1666 1315 1731 rolin·

174 1780 284 1861 quitur
297 1774 333 1859 ο).
377 1778 429 1842 Ac
456 1780 559 1864 gratis
590 1778 724 1863 quidem
751 1780 896 1844 affirmat
920 1778 1145 1863 Damberger,
1178 1798 1253 1845 eum
1281 1779 1314 1841 iu

172 1890 404 1953 monasterium
422 1887 553 1973 suum⁷)
574 1890 733 1975 rejectum
754 1890 860 1955 fuisse
881 1897 982 1973 atque
1003 1888 1124 1953 ibidem
1146 1908 1207 1973 por
1222 1888 1315 1954 exilii

172 2002 223 2063 sui
254 2001 395 2083 spatium
425 1998 567 2085 degisse.
611 1998 759 2067 Tandem
789 2008 868 2085 post
896 1999 939 2065 23
971 2019 1075 2066 anuos
1104 2020 1125 2065 u
1151 1998 1313 2065 Mauricio

172 2107 376 2197 Imperatore
395 2108 498 2195 (regn.
509 2110 552 2175 ab
568 2132 598 2175 a.
616 2110 803 2193 ter-602)
819 2113 963 2175 instante
980 2112 1138 2195 imprimis
1148 2109 1312 2196 Gregorio

172 2220 296 2305 Magno
323 2220 485 2286 Pontifice
513 2223 547 2285 iu
579 2220 693 2287 sedem
726 2242 820 2285 suam
851 2223 1039 2302 restitutus,
1069 2222 1124 2287 vel
1154 2230 1232 2307 post
1257 2221 1312 2286 vel

171 2383 250 2392 anu-u-

240 2477 263 2543 ¹)
282 2480 389 2543 quippe?
399 2482 446 2543 qui
465 2478 593 2529 inlocum
602 2481 720 2529 viventis
732 2476 862 2543 Eutychii
876 2482 971 2529 contu
984 2477 1095 2544 regulas
1110 2477 1312 2529 ecclesiasticas

169 2574 290 2623 intrusam
307 2572 413 2625 fuisset
450 2571 569 2639 (Vates.)

237 2680 260 2747 ⁸)
279 2685 380 2749 quippo
398 2685 445 2748 qu
468 2684 503 2733 ab
528 2682 576 2735 uto
595 2682 735 2735 aunum
753 2682 916 2735 ordinatoris
939 2684 983 2733 sar
999 2648 1095 2733 nauh
1117 2695 1151 2733 aa
1173 2682 1265 2734 utem
1281 2685 1309 2733 a

168 2790 203 2827 se
216 2778 405 2841 percussisses
442 2775 561 2843 (Vries.)

236 2884 261 2953 ¹)
279 2886 391 2939 Heni-lei
399 2886 504 2937 valesii
521 2890 612 2937 annot.
630 2884 665 2935 ad
683 2886 729 2937 ub.
740 2886 765 2951 6,
783 2902 807 2939 a.
820 2886 844 2937 o.
870 2886 941 2937 Hiat.
959 2884 1058 2953 Evagr.
1076 2890 1104 2937 tu
1121 2888 1191 2938 haee
1208 2885 1307 2939 verba:

169 2978 334 3053 npucrpiperu
353 2977 379 3031 ti
397 2974 438 3031 καὶ
457 2974 536 3053 ἔτερα.

237 3090 259 3157 ⁴)
278 3089 426 3155 Gregorius
451 3090 497 3139 hie
520 3093 591 3140 teste
609 3087 726 3155 Evagrio
750 3089 797 3139 lib.
817 3090 848 3154 o,
871 3103 932 3153 cap.
951 3090 978 3144 6,
1004 3088 1124 3139 Primum
1142 3092 1306 3139 monasterio

166 3167 361 3249 Byzantiorum
378 3184 512 3250 praefuit,
531 3180 629 3235 deinde
647 3197 713 3234 vero
732 3182 833 3233 Justini
847 3182 929 3247 jussu
947 3182 1087 3233 monachis
1106 3181 1187 3233 sinae
1204 3186 1305 3233 montis

166 3278 323 3343 praefectus
341 3279 415 3329 illino
433 3278 468 3329 ad
487 3277 678 3329 Pontificatum
697 3281 828 3329 evocatus
846 3282 896 3329 eat.

236 3388 258 3457 ι)
276 3373 375 3455 Evagr.
394 3390 440 3440 lib.
460 3390 490 3455 i,
509 3404 532 3439 c.
552 3390 568 3440 6
588 3393 616 3440 et
635 3388 820 3453 sequentibus.

238 3498 260 3567 ⁸)
280 3500 453 3567 „Eutychius
473 3500 581 3566 quidem
600 3504 651 3566 ait,
676 3503 884 3551 exauctoratum
901 3499 1077 3553 Anastasium
1096 3500 1308 3567 „„diesimulato

166 3593 262 3645 habitu
279 3594 470 3661 Hierosolyma
494 3595 648 3661 proiectum
666 3609 742 3660 esse,
768 3594 816 3645 uhi
838 3596 866 3645 iu
883 3595 986 3660 templo
1003 3595 1220 3645 Resurrectionis
1237 3609 1306 3645 cau·

166 3686 277 3753 delapta
302 3689 408 3753 iactus,
438 3688 565 3739 lucernas
588 3688 760 3754 accenderit,
790 3702 878 3753 eoque
901 3703 1013 3741 munere
1039 3690 1073 3739 24
1095 3693 1173 3740 annis
1196 3690 1306 3741 functus

166 3784 255 3832 sit...
274 3784 381 3835 nemina
406 3784 513 3835 iuterim
539 3785 629 3849 ipsum
651 3783 839 3849 patriarchatu
863 3784 986 3835 iunctum
1008 3797 1070 3833 esse
1088 3780 1306 3848 dignoscente““.
1349 3802 1358 3840 ς

167 3872 221 3928 Sed
238 3874 307 3929 haec
330 3890 384 3929 nou
403 3874 550 3930 cohaerent
567 3892 629 3927 oum
653 3877 777 3943 epistolis
804 3881 893 3929 sancti
912 3877 1036 3943 Gregorii
1053 3877 1091 3926 M.
1110 3882 1168 3929 tum
1186 3875 1220 3927 de
1238 3880 1309 3943 ipso,

166 3972 224 4019 tum
242 3968 277 4021 ad
294 3972 383 4037 ipsum
400 3969 519 4023 noudum
537 3976 695 4023 revocatum
713 3974 836 4037 scriptis,
855 3986 925 4036 quac
944 3985 1009 4022 saue
1028 3976 1084 4021 tam
1101 3974 1224 4037 ignotum
1241 3970 1304 4038 hug.

165 4078 216 4129 per
239 4063 267 4114 id
290 4068 398 4130 tempus
420 4063 596 4116 Anastasium
618 4068 776 4131 neutiquam
802 4065 969 4133 patiuntur‘.
1005 4066 1067 4133 (Ex
1088 4066 1149 4117 Act
1174 4064 1223 4117 ὃὸ
1247 4066 1305 4121 Juli

166 4158 196 4207 Τ.
214 4158 263 4211 IV.
281 4173 308 4225 p.
327 4162 360 4211 ut
378 4162 406 4211 in
423 4159 495 4211 licit.
514 4160 598 4227 Mign.
617 4160 719 4213 Patrol.
738 4160 783 4213 Gr.
802 4165 867 4212 torn
887 4162 929 4213 89.
948 4160 1000 4213 col.
1021 4160 1174 4227 1304011.)

236 4268 258 4336 ¹)
276 4270 453 4337 Damherger,
470 4271 541 4322 nist
554 4271 664 4337 synchr.
682 4277 746 4324 tom.
761 4272 782 4322 1.
801 4286 864 4338 pag.
878 4273 929 4324 262
940 4276 969 4323 et
981 4273 1040 4322 1⁸4.
1068 4272 1201 4337 iutelligit
1213 4277 1305 4323 autem

164 4365 359 4417 monasterium
376 4368 476 4417 montis
494 4364 569 4417 Sinai
586 4365 636 4433 (ci.
652 4380 715 4433 pag.
735 4364 819 4433 iod),
836 4365 1022 4433 Nicephorum
1039 4370 1175 4419 errantem
1192 4370 1305 4417 secutus

165 4460 202 4513 ui.
220 4459 290 4515 inea
308 4473 370 4531 pag.
390 4462 423 4513 14
439 4474 516 4527 aequ.
