3225 5217
1291 548 1312 613 b

171 730 238 785 tum
261 724 293 785 iu
316 720 459 785 moribus
483 730 517 785 et
538 720 670 784 vivendi
693 725 819 784 ratione
848 723 1129 799 accuratissimus,
1162 717 1246 787 adco
1276 729 1312 785 ut

171 854 226 897 res
250 836 346 897 etiam
369 832 552 897 levissimas
577 834 783 910 observaret,
813 853 875 897 nec
903 855 924 896 a
945 835 1129 895 constantia
1152 840 1186 895 et
1208 834 1312 896 firmi-

172 954 248 1017 tate
265 964 407 1027 unquam
425 943 627 1019 deflecteret,
651 944 770 1007 nedum
792 947 825 1007 in
847 947 956 1030 magni
979 946 1134 1007 momenti
1155 944 1255 1009 rebus
1278 953 1312 1009 et

174 1078 258 1141 quae
280 1058 323 1122 ad
345 1057 451 1121 Deum
475 1062 671 1139 spectarent.
711 1052 824 1118 Mores
844 1065 953 1118 autem
977 1075 1054 1117 suos
1076 1057 1123 1117 ita
1144 1063 1312 1139 tempera·

172 1178 284 1246 verat,
319 1177 356 1232 ut
383 1188 491 1249 neque
521 1166 663 1230 adeundi
692 1175 792 1248 atque
821 1165 1011 1249 alloquendi
1040 1166 1311 1249 ipsum-facilitas

175 1282 361 1365 expositum
383 1279 473 1341 illurn
495 1276 650 1341 redderet
671 1280 722 1354 iis,
746 1278 865 1360 quibus
886 1280 1015 1340 minime
1039 1277 1228 1360 oportebat3
1249 1298 1311 1341 nec

174 1392 333 1453 severitas
350 1397 384 1453 et
401 1389 606 1453 inclementia
623 1392 826 1452 inaccessum
847 1408 920 1451 eum
936 1395 1121 1471 praestaret
1131 1388 1197 1471 juri
1211 1395 1312 1470 atque

173 1504 301 1567 rationi.
345 1500 390 1564 Et
411 1502 444 1564 iu
467 1502 559 1564 seriis
582 1499 714 1583 quidem
737 1499 909 1582 colloquiis
932 1519 1028 1561 aures
1052 1501 1081 1561 ei
1103 1507 1254 1582 patentes
1278 1506 1312 1562 et

173 1614 285 1700 lingua
306 1612 472 1697 profluens
495 1620 582 1694 erat,
614 1620 648 1676 et
678 1614 888 1694 quaestiones
917 1611 1105 1695 propositas
1133 1608 1312 1693 prudenter

175 1733 208 1789 et
240 1732 356 1811 argute
391 1722 603 1788 dissolvebat.
657 1722 695 1786 In
734 1721 940 1787 sermonibus
974 1729 1083 1784 autem
1117 1722 1237 1806 ineptis
1270 1742 1311 1785 ac

174 1836 347 1921 'superfluis
371 1854 466 1899 aures
490 1833 620 1917 quidem
643 1836 774 1919 penitus
805 1833 954 1897 reclusas
977 1831 1137 1912 habebat,
1168 1832 1311 1917 linguam

176 1968 257 2010 vero
280 1948 375 2029 quasi
395 1948 511 2010 fraeno
535 1945 677 2029 quodam
708 1944 961 2029 comprimebat,
993 1945 1041 2005 ita
1068 1950 1105 2005 ut
1132 1945 1311 2007 orationem

174 2060 258 2121 ratio
277 2059 447 2120 metiretur
463 2064 497 2119 et
515 2056 676 2119 silentium
698 2058 785 2118 omni
810 2057 957 2119 oratione
975 2056 1196 2139 praestantius
1214 2062 1311 2118 esset

174 2166 271 2231 Hunc
293 2168 402 2253 igitur,
423 2176 577 2249 tanquam
601 2166 888 2251 inexpugnabilem
910 2186 1055 2245 murum,
1079 2167 1164 2228 omni
1186 2165 1311 2228 machi·

175 2300 287 2343 narum
309 2300 430 2365 genere
452 2298 644 2364 oppugnare
664 2278 798 2341 adortus
821 2285 872 2342 est
888 2277 1109 2356 Justinianus,
1133 2276 1168 2340 id
1187 2276 1313 2341 scilicet

174 2409 285 2454 secum
307 2392 378 2475 ipse
402 2393 570 2475 cogitans,
605 2410 641 2454 se
670 2392 698 2453 si
725 2384 788 2452 boc
810 2388 1090 2474 propugnaculum
1119 2388 1312 2465 subruisset,

173 2501 285 2565 urbem
308 2501 467 2585 posthaec
488 2500 578 2564 nullo
601 2503 734 2586 negotio
758 2495 927 2584 capturum
948 2518 1033 2579 esse,
1056 2508 1091 2563 ct
1106 2506 1217 2562 rectae
1234 2498 1311 2561 fidei

174 2612 353 2676 doctrinam
383 2614 415 2675 in
438 2613 630 2675 servitutem
657 2610 885 2691 reducturum,
919 2610 1063 2693 denique
1087 2631 1166 2674 oves
1188 2608 1312 2675 Obristi

176 2726 324 2809 captivas
346 2718 592 2786 abducturum“.

261 2833 573 2915 „Anastasius·vero
596 2832 707 2896 divina
729 2832 871 2917 quodam
894 2837 992 2897 animi
1013 2832 1206 2898 celsitudine
1227 2831 1312 2897 adeo

174 2966 272 3030 supra
295 2943 530 3027 Imperatorem
553 2964 628 3009 sese
652 2945 787 3025 extulit,
816 2948 939 3029 quippe
963 2948 1018 3027 qui
1045 2943 1201 3008 fundatus
1223 2952 1313 3007 esset

173 3076 272 3139 supra
301 3056 427 3118 firmam
460 3063 600 3140 petram,
637 3059 800 3124 utmissa
834 3056 876 3120 ad
899 3055 1119 3121 Justiniannm
1152 3056 1310 3119 relatione

173 3168 280 3252 palam
298 3170 329 3231 ei
348 3166 583 3231 contradixerit
602 3175 635 3231 et
647 3168 911 3232 manifestissime
922 3166 1018 3230 simul
1030 3175 1063 3231 et
1078 3166 1309 3230 dissertissimo

173 3280 206 3341 in
236 3278 350 3341 eadem
383 3276 541 3343 relatione
575 3280 606 3343 ei
639 3262 931 3356 demonstraverit,
965 3275 1094 3362 Corpus
1116 3278 1248 3342 Domini
1278 3280 1310 3340 in

172 3388 440 3474 perpessiouibus
468 3388 672 3453 naturalibus
700 3397 733 3453 et
760 3408 846 3471 quae
873 3390 904 3450 in
932 3382 1219 3473 reprehensionem
1247 3410 1311 3452 nou

174 3498 311 3582 cadunt,
352 3501 552 3584 corruptioni
586 3500 764 3565 obnoxium
798 3500 921 3576 luisse,
965 3507 1066 3582 atque
1101 3501 1148 3562 ita
1181 3499 1309 3563 divinos
1335 3542 1339 3550 ·

173 3610 354 3695 Apostolos
377 3618 410 3673 et
433 3618 565 3674 sanctos
588 3611 706 3675 Patres
730 3613 873 3675 sensisse
895 3628 935 3673 ac
955 3612 1099 3693 posteris
1126 3609 1312 3674 tradidisse.

173 3719 299 3784 Eadem
323 3740 455 3802 quoque
477 3722 647 3804 rescripsit
669 3720 711 3783 ad
734 3712 912 3784 monachos
933 3723 1058 3805 primae
1088 3728 1121 3783 et
1148 3721 1313 3785 secundae
1412 3777 1415 3784 .

174 3828 299 3913 Syriae,
319 3832 375 3913 qui
390 3832 496 3915 ipsum
507 3830 753 3913 consuluerant3
778 3839 969 3894 cunctorum
981 3833 1105 3895 animos
1117 3832 1311 3895 confirmans

174 3949 207 4005 et
222 3940 265 4003 ad
284 3940 487 4005 subeundum
504 3948 668 4004 certarnen
687 3962 889 4027 praeparans
907 3949 941 4007 et
956 3942 1102 4025 quotidie
1117 3944 1150 4004 iu
1161 3941 1312 4006 Ecclesia

173 4054 314 4115 recitans
346 4051 447 4115 verba
477 4051 533 4115 illa
565 4052 607 4115 ab
640 4050 807 4117 electionis
834 4073 914 4116 vase
947 4053 1093 4137 prolata':
1129 4051 1207 4134 „Si
1238 4054 1311 4135 quis

172 4162 266 4227 vobis
291 4162 566 4249 evangelizaverit
594 4169 727 4247 praeter
754 4161 788 4226 id
816 4163 906 4246 quod
936 4167 1128 4248 accepistis,
1162 4167 1311 4247 quamvis

172 4273 322 4359 Angelus
356 4294 400 4337 ex
434 4273 527 4337 coelo
561 4274 678 4354 fuerit,
711 4273 885 4337 anathema
915 4276 958 4338 sit
968 4276 1005 4310 “⁴¹
1026 4276 1059 4357 1).
1110 4275 1204 4353 Quae
1238 4296 1311 4339 cum

687 4432 1099 4442 mmmm—m
1106 4434 1123 4439 .-

241 4514 263 4582 ¹)
283 4514 344 4567 oar.
364 4518 393 4581 1,
412 4517 435 4567 a.
