<?xml version="1.0" encoding="UTF-8"?>
<!DOCTYPE html PUBLIC "-//W3C//DTD XHTML 1.0 Transitional//EN"
    "http://www.w3.org/TR/xhtml1/DTD/xhtml1-transitional.dtd">
<html xmlns="http://www.w3.org/1999/xhtml" xml:lang="en" lang="en">
 <head>
  <title>
</title>
<meta http-equiv="Content-Type" content="text/html;charset=utf-8" />
  <meta name='ocr-system' content='tesseract 3.04.00' />
  <meta name='ocr-capabilities' content='ocr_page ocr_carea ocr_par ocr_line ocrx_word'/>
</head>
<body>
  <div class='ocr_page' id='page_1' title='image "./deanastasiosina00kumpgoog_0088.png"; bbox 0 0 3225 5217; ppageno 0'>
   <div class='ocr_carea' id='block_1_1' title="bbox 729 1078 1003 1172">
    <p class='ocr_par' dir='ltr' id='par_1_1' title="bbox 729 1078 1003 1172">
     <span class='ocr_line' id='line_1_1' title="bbox 729 1078 1003 1172; baseline -0.007 0"><span class='ocrx_word' id='word_1_1' title='bbox 729 1078 902 1172; x_wconf 81' lang='lat' dir='ltr'><strong>CAPUT</strong></span> <span class='ocrx_word' id='word_1_2' title='bbox 927 1081 1003 1170; x_wconf 92' lang='grc' dir='ltr'><strong>ΙΙΙ.</strong></span> 
     </span>
    </p>
   </div>
   <div class='ocr_carea' id='block_1_2' title="bbox 358 1253 1381 1402">
    <p class='ocr_par' dir='ltr' id='par_1_2' title="bbox 358 1253 1381 1402">
     <span class='ocr_line' id='line_1_2' title="bbox 358 1253 1381 1324; baseline 0.001 -19"><span class='ocrx_word' id='word_1_3' title='bbox 358 1255 407 1305; x_wconf 74' lang='lat' dir='ltr'>DE</span> <span class='ocrx_word' id='word_1_4' title='bbox 425 1254 596 1324; x_wconf 69' lang='lat' dir='ltr'><strong>SERMONE</strong></span> <span class='ocrx_word' id='word_1_5' title='bbox 612 1255 746 1308; x_wconf 69' lang='lat' dir='ltr'>ummo</span> <span class='ocrx_word' id='word_1_6' title='bbox 763 1255 958 1308; x_wconf 75' lang='lat' dir='ltr'>macarp&#39;ro</span> <span class='ocrx_word' id='word_1_7' title='bbox 976 1257 1017 1307; x_wconf 73' lang='lat' dir='ltr'>{N</span> <span class='ocrx_word' id='word_1_8' title='bbox 1033 1257 1160 1309; x_wconf 81' lang='lat' dir='ltr'><strong>ILLUD:</strong></span> <span class='ocrx_word' id='word_1_9' title='bbox 1180 1253 1381 1308; x_wconf 76' lang='lat' dir='ltr'>SECUNDUM</span> 
     </span>
     <span class='ocr_line' id='line_1_3' title="bbox 770 1349 966 1402; baseline 0.005 -1"><span class='ocrx_word' id='word_1_10' title='bbox 770 1349 966 1402; x_wconf 79' lang='lat' dir='ltr'>IMAGINEM.</span> 
     </span>
    </p>
   </div>
   <div class='ocr_carea' id='block_1_3' title="bbox 299 1547 1445 1970">
    <p class='ocr_par' dir='ltr' id='par_1_3' title="bbox 299 1547 1445 1970">
     <span class='ocr_line' id='line_1_4' title="bbox 385 1547 1439 1636; baseline 0.004 -26"><span class='ocrx_word' id='word_1_11' title='bbox 385 1548 493 1628; x_wconf 83' lang='lat' dir='ltr'>Quom</span> <span class='ocrx_word' id='word_1_12' title='bbox 522 1550 630 1632; x_wconf 77' lang='lat' dir='ltr'>capite</span> <span class='ocrx_word' id='word_1_13' title='bbox 658 1547 870 1633; x_wconf 78' lang='lat' dir='ltr'>praecedenti</span> <span class='ocrx_word' id='word_1_14' title='bbox 901 1548 944 1613; x_wconf 91' lang='lat' dir='ltr'>de</span> <span class='ocrx_word' id='word_1_15' title='bbox 966 1548 1100 1636; x_wconf 84' lang='lat' dir='ltr'>Hodcgi</span> <span class='ocrx_word' id='word_1_16' title='bbox 1129 1559 1263 1614; x_wconf 88' lang='lat' dir='ltr'>auctore</span> <span class='ocrx_word' id='word_1_17' title='bbox 1293 1572 1337 1614; x_wconf 86' lang='lat' dir='ltr'>ex</span> <span class='ocrx_word' id='word_1_18' title='bbox 1367 1553 1439 1634; x_wconf 90' lang='lat' dir='ltr'>ipso</span> 
     </span>
     <span class='ocr_line' id='line_1_5' title="bbox 299 1659 1440 1744; baseline 0.001 -21"><span class='ocrx_word' id='word_1_19' title='bbox 299 1660 383 1724; x_wconf 87' lang='lat' dir='ltr'>libro</span> <span class='ocrx_word' id='word_1_20' title='bbox 406 1659 633 1740; x_wconf 85' lang='lat' dir='ltr'>disseruerim,</span> <span class='ocrx_word' id='word_1_21' title='bbox 661 1660 729 1744; x_wconf 90' lang='lat' dir='ltr'>jam</span> <span class='ocrx_word' id='word_1_22' title='bbox 753 1663 978 1742; x_wconf 90' lang='lat' dir='ltr'>quaestionem</span> <span class='ocrx_word' id='word_1_23' title='bbox 1002 1661 1044 1725; x_wconf 92' lang='lat' dir='ltr'>de</span> <span class='ocrx_word' id='word_1_24' title='bbox 1068 1682 1107 1725; x_wconf 90' lang='lat' dir='ltr'>eo</span> <span class='ocrx_word' id='word_1_25' title='bbox 1128 1663 1312 1744; x_wconf 79' lang='lat' dir='ltr'>instituam,</span> <span class='ocrx_word' id='word_1_26' title='bbox 1336 1682 1440 1744; x_wconf 89' lang='lat' dir='ltr'>quae-</span> 
     </span>
     <span class='ocr_line' id='line_1_6' title="bbox 299 1771 1440 1855; baseline -0.001 -20"><span class='ocrx_word' id='word_1_27' title='bbox 299 1793 373 1835; x_wconf 91' lang='lat' dir='ltr'>nam</span> <span class='ocrx_word' id='word_1_28' title='bbox 397 1791 441 1835; x_wconf 86' lang='lat' dir='ltr'>ex</span> <span class='ocrx_word' id='word_1_29' title='bbox 462 1772 503 1834; x_wconf 89' lang='lat' dir='ltr'>iis</span> <span class='ocrx_word' id='word_1_30' title='bbox 525 1772 673 1855; x_wconf 89' lang='lat' dir='ltr'>scriptis,</span> <span class='ocrx_word' id='word_1_31' title='bbox 705 1791 790 1854; x_wconf 91' lang='lat' dir='ltr'>quac</span> <span class='ocrx_word' id='word_1_32' title='bbox 821 1772 882 1836; x_wconf 89' lang='lat' dir='ltr'>sub</span> <span class='ocrx_word' id='word_1_33' title='bbox 906 1772 1074 1838; x_wconf 87' lang='lat' dir='ltr'>Anastasii</span> <span class='ocrx_word' id='word_1_34' title='bbox 1104 1776 1174 1838; x_wconf 83' lang='lat' dir='ltr'>sive</span> <span class='ocrx_word' id='word_1_35' title='bbox 1197 1771 1342 1838; x_wconf 84' lang='lat' dir='ltr'>Sinaitac</span> <span class='ocrx_word' id='word_1_36' title='bbox 1371 1774 1440 1836; x_wconf 86' lang='lat' dir='ltr'>sive</span> 
     </span>
     <span class='ocr_line' id='line_1_7' title="bbox 299 1880 1445 1970; baseline -0.001 -24"><span class='ocrx_word' id='word_1_37' title='bbox 299 1880 498 1946; x_wconf 82' lang='lat' dir='ltr'>Antiocheni</span> <span class='ocrx_word' id='word_1_38' title='bbox 527 1885 656 1946; x_wconf 90' lang='lat' dir='ltr'>nomine</span> <span class='ocrx_word' id='word_1_39' title='bbox 684 1885 719 1946; x_wconf 88' lang='lat' dir='ltr'>in</span> <span class='ocrx_word' id='word_1_40' title='bbox 748 1883 892 1950; x_wconf 84' lang='lat' dir='ltr'>editione</span> <span class='ocrx_word' id='word_1_41' title='bbox 915 1885 1082 1970; x_wconf 85' lang='lat' dir='ltr'>Migniana</span> <span class='ocrx_word' id='word_1_42' title='bbox 1105 1893 1256 1965; x_wconf 88' lang='lat' dir='ltr'>exstant,</span> <span class='ocrx_word' id='word_1_43' title='bbox 1286 1904 1367 1948; x_wconf 90' lang='lat' dir='ltr'>vere</span> <span class='ocrx_word' id='word_1_44' title='bbox 1398 1881 1445 1964; x_wconf 26' lang='lat' dir='ltr'>ad,</span> 
     </span>
    </p>
   </div>
   <div class='ocr_carea' id='block_1_4' title="bbox 191 1993 1001 2090">
    <p class='ocr_par' dir='ltr' id='par_1_4' title="bbox 191 1993 1001 2090">
     <span class='ocr_line' id='line_1_8' title="bbox 191 1993 1001 2090; baseline 0.006 -35"><span class='ocrx_word' id='word_1_45' title='bbox 191 2080 195 2090; x_wconf 25' lang='grc' dir='ltr'>ι</span> <span class='ocrx_word' id='word_1_46' title='bbox 299 1993 432 2080; x_wconf 83' lang='lat' dir='ltr'>Hodegi</span> <span class='ocrx_word' id='word_1_47' title='bbox 454 2004 621 2059; x_wconf 81' lang='lat' dir='ltr'>auctorem</span> <span class='ocrx_word' id='word_1_48' title='bbox 644 2004 797 2079; x_wconf 87' lang='lat' dir='ltr'>spectare</span> <span class='ocrx_word' id='word_1_49' title='bbox 820 1995 1001 2062; x_wconf 83' lang='lat' dir='ltr'>videantur.</span> 
     </span>
    </p>
   </div>
   <div class='ocr_carea' id='block_1_5' title="bbox 298 2107 1444 3866">
    <p class='ocr_par' dir='ltr' id='par_1_5' title="bbox 298 2107 1442 2974">
     <span class='ocr_line' id='line_1_9' title="bbox 386 2107 1442 2191; baseline 0.002 -21"><span class='ocrx_word' id='word_1_50' title='bbox 386 2107 439 2170; x_wconf 93' lang='lat' dir='ltr'>Ac</span> <span class='ocrx_word' id='word_1_51' title='bbox 456 2109 594 2191; x_wconf 91' lang='lat' dir='ltr'>primum</span> <span class='ocrx_word' id='word_1_52' title='bbox 614 2107 746 2191; x_wconf 86' lang='lat' dir='ltr'>quidem</span> <span class='ocrx_word' id='word_1_53' title='bbox 764 2107 936 2172; x_wconf 88' lang='lat' dir='ltr'>dicendum</span> <span class='ocrx_word' id='word_1_54' title='bbox 956 2109 1033 2172; x_wconf 90' lang='lat' dir='ltr'>mihi</span> <span class='ocrx_word' id='word_1_55' title='bbox 1053 2111 1159 2173; x_wconf 89' lang='lat' dir='ltr'>visum</span> <span class='ocrx_word' id='word_1_56' title='bbox 1178 2116 1229 2173; x_wconf 86' lang='lat' dir='ltr'>est</span> <span class='ocrx_word' id='word_1_57' title='bbox 1250 2107 1291 2172; x_wconf 92' lang='lat' dir='ltr'>de</span> <span class='ocrx_word' id='word_1_58' title='bbox 1303 2128 1442 2180; x_wconf 77' lang='lat' dir='ltr'>sermone</span> 
     </span>
     <span class='ocr_line' id='line_1_10' title="bbox 301 2219 1441 2304; baseline 0.001 -23"><span class='ocrx_word' id='word_1_59' title='bbox 301 2220 354 2282; x_wconf 80' lang='lat' dir='ltr'>itio</span> <span class='ocrx_word' id='word_1_60' title='bbox 377 2222 465 2284; x_wconf 79' lang='lat' dir='ltr'>tortio</span> <span class='ocrx_word' id='word_1_61' title='bbox 488 2222 545 2303; x_wconf 92' lang='lat' dir='ltr'>qui</span> <span class='ocrx_word' id='word_1_62' title='bbox 565 2219 685 2304; x_wconf 82' lang='lat' dir='ltr'>legitur</span> <span class='ocrx_word' id='word_1_63' title='bbox 713 2220 774 2284; x_wconf 90' lang='lat' dir='ltr'>col.</span> <span class='ocrx_word' id='word_1_64' title='bbox 806 2219 887 2284; x_wconf 83' lang='lat'>1151</span> <span class='ocrx_word' id='word_1_65' title='bbox 921 2227 954 2285; x_wconf 87' lang='lat' dir='ltr'>et</span> <span class='ocrx_word' id='word_1_66' title='bbox 984 2219 1212 2302; x_wconf 83' lang='lat' dir='ltr'>sequentibus,</span> <span class='ocrx_word' id='word_1_67' title='bbox 1243 2223 1365 2304; x_wconf 91' lang='lat' dir='ltr'>quique</span> <span class='ocrx_word' id='word_1_68' title='bbox 1394 2221 1441 2284; x_wconf 89' lang='lat' dir='ltr'>sic</span> 
     </span>
     <span class='ocr_line' id='line_1_11' title="bbox 298 2321 1441 2420; baseline 0 -27"><span class='ocrx_word' id='word_1_69' title='bbox 298 2331 501 2420; x_wconf 81' lang='lat' dir='ltr'>inscribitur:</span> <span class='ocrx_word' id='word_1_70' title='bbox 534 2323 782 2414; x_wconf 76' lang='grc' dir='ltr'><em>,,Ἀυαστασιόυ</em></span> <span class='ocrx_word' id='word_1_71' title='bbox 807 2328 1026 2419; x_wconf 76' lang='grc' dir='ltr'><em>πρεσβυτέρου</em></span> <span class='ocrx_word' id='word_1_72' title='bbox 1047 2331 1107 2396; x_wconf 79' lang='grc' dir='ltr'>τοῦ</span> <span class='ocrx_word' id='word_1_73' title='bbox 1128 2326 1163 2394; x_wconf 75' lang='grc' dir='ltr'>ἐν</span> <span class='ocrx_word' id='word_1_74' title='bbox 1188 2330 1237 2412; x_wconf 79' lang='grc' dir='ltr'>τῷ</span> <span class='ocrx_word' id='word_1_75' title='bbox 1248 2331 1339 2412; x_wconf 54' lang='grc' dir='ltr'>γΣινᾶ</span> <span class='ocrx_word' id='word_1_76' title='bbox 1361 2321 1441 2416; x_wconf 75' lang='grc' dir='ltr'><em>ὄρει,</em></span> 
     </span>
     <span class='ocr_line' id='line_1_12' title="bbox 300 2431 1441 2528; baseline -0.001 -24"><span class='ocrx_word' id='word_1_77' title='bbox 300 2431 398 2525; x_wconf 75' lang='grc' dir='ltr'><strong><em>λόγος</em></strong></span> <span class='ocrx_word' id='word_1_78' title='bbox 417 2431 459 2528; x_wconf 78' lang='lat' dir='ltr'>y&#39;:</span> <span class='ocrx_word' id='word_1_79' title='bbox 488 2441 563 2507; x_wconf 91' lang='lat' dir='ltr'>Hoc</span> <span class='ocrx_word' id='word_1_80' title='bbox 585 2464 736 2508; x_wconf 85' lang='lat' dir='ltr'>sermone</span> <span class='ocrx_word' id='word_1_81' title='bbox 760 2442 906 2508; x_wconf 83' lang='lat' dir='ltr'>declarat</span> <span class='ocrx_word' id='word_1_82' title='bbox 929 2451 1043 2507; x_wconf 90' lang='lat' dir='ltr'>auctor</span> <span class='ocrx_word' id='word_1_83' title='bbox 1065 2463 1212 2523; x_wconf 83' lang='lat' dir='ltr'>causam,</span> <span class='ocrx_word' id='word_1_84' title='bbox 1235 2463 1337 2525; x_wconf 83' lang='lat' dir='ltr'>quare</span> <span class='ocrx_word' id='word_1_85' title='bbox 1357 2437 1441 2504; x_wconf 89' lang='lat' dir='ltr'>duos</span> 
     </span>
     <span class='ocr_line' id='line_1_13' title="bbox 300 2549 1442 2642; baseline -0.002 -24"><span class='ocrx_word' id='word_1_86' title='bbox 300 2573 468 2618; x_wconf 86' lang='lat' dir='ltr'>sermones</span> <span class='ocrx_word' id='word_1_87' title='bbox 490 2555 524 2618; x_wconf 93' lang='lat' dir='ltr'>iu</span> <span class='ocrx_word' id='word_1_88' title='bbox 546 2554 640 2620; x_wconf 89' lang='lat' dir='ltr'>illud:</span> <span class='ocrx_word' id='word_1_89' title='bbox 674 2554 756 2637; x_wconf 89' lang='lat' dir='ltr'>„Ad</span> <span class='ocrx_word' id='word_1_90' title='bbox 780 2556 981 2642; x_wconf 85' lang='lat' dir='ltr'>imaginom“</span> <span class='ocrx_word' id='word_1_91' title='bbox 1005 2556 1243 2640; x_wconf 84' lang='lat' dir='ltr'>conscripserit</span> <span class='ocrx_word' id='word_1_92' title='bbox 1287 2549 1442 2617; x_wconf 88' lang='lat' dir='ltr'>Ostendit</span> 
     </span>
     <span class='ocr_line' id='line_1_14' title="bbox 302 2659 1442 2751; baseline -0.003 -21"><span class='ocrx_word' id='word_1_93' title='bbox 302 2667 417 2747; x_wconf 87' lang='lat' dir='ltr'>etiam,</span> <span class='ocrx_word' id='word_1_94' title='bbox 446 2686 544 2749; x_wconf 86' lang='lat' dir='ltr'>quum</span> <span class='ocrx_word' id='word_1_95' title='bbox 571 2666 614 2730; x_wconf 91' lang='lat' dir='ltr'>ob</span> <span class='ocrx_word' id='word_1_96' title='bbox 637 2688 768 2732; x_wconf 86' lang='lat' dir='ltr'>causam</span> <span class='ocrx_word' id='word_1_97' title='bbox 791 2675 891 2751; x_wconf 86' lang='lat' dir='ltr'>atque</span> <span class='ocrx_word' id='word_1_98' title='bbox 914 2666 1001 2732; x_wconf 90' lang='lat' dir='ltr'>unde</span> <span class='ocrx_word' id='word_1_99' title='bbox 1022 2669 1147 2740; x_wconf 89' lang='lat' dir='ltr'>initium</span> <span class='ocrx_word' id='word_1_100' title='bbox 1171 2665 1303 2730; x_wconf 75' lang='lat' dir='ltr'>duxerit</span> <span class='ocrx_word' id='word_1_101' title='bbox 1326 2659 1442 2750; x_wconf 90' lang='lat' dir='ltr'>dispu-</span> 
     </span>
     <span class='ocr_line' id='line_1_15' title="bbox 300 2775 1442 2862; baseline 0 -24"><span class='ocrx_word' id='word_1_102' title='bbox 300 2778 383 2840; x_wconf 85' lang='lat' dir='ltr'>tatio</span> <span class='ocrx_word' id='word_1_103' title='bbox 407 2775 450 2840; x_wconf 89' lang='lat' dir='ltr'>de</span> <span class='ocrx_word' id='word_1_104' title='bbox 472 2779 716 2860; x_wconf 86' lang='lat' dir='ltr'>operationibus</span> <span class='ocrx_word' id='word_1_105' title='bbox 739 2787 840 2862; x_wconf 85' lang='lat' dir='ltr'>atque</span> <span class='ocrx_word' id='word_1_106' title='bbox 862 2778 1102 2860; x_wconf 86' lang='lat' dir='ltr'>voluntatibns;</span> <span class='ocrx_word' id='word_1_107' title='bbox 1126 2777 1243 2842; x_wconf 89' lang='lat' dir='ltr'>deinde</span> <span class='ocrx_word' id='word_1_108' title='bbox 1266 2797 1345 2841; x_wconf 90' lang='lat' dir='ltr'>vere</span> <span class='ocrx_word' id='word_1_109' title='bbox 1361 2795 1442 2860; x_wconf 91' lang='lat' dir='ltr'>pro-</span> 
     </span>
     <span class='ocr_line' id='line_1_16' title="bbox 300 2886 1441 2974; baseline -0.002 -24"><span class='ocrx_word' id='word_1_110' title='bbox 300 2889 407 2971; x_wconf 86' lang='lat' dir='ltr'>ponit,</span> <span class='ocrx_word' id='word_1_111' title='bbox 431 2891 563 2971; x_wconf 90' lang='lat' dir='ltr'>quinam</span> <span class='ocrx_word' id='word_1_112' title='bbox 582 2899 689 2970; x_wconf 90' lang='lat' dir='ltr'>recte,</span> <span class='ocrx_word' id='word_1_113' title='bbox 712 2893 769 2974; x_wconf 93' lang='lat' dir='ltr'>qui</span> <span class='ocrx_word' id='word_1_114' title='bbox 784 2912 895 2971; x_wconf 88' lang='lat' dir='ltr'>secus,</span> <span class='ocrx_word' id='word_1_115' title='bbox 918 2889 1001 2954; x_wconf 90' lang='lat' dir='ltr'>haec</span> <span class='ocrx_word' id='word_1_116' title='bbox 1018 2893 1051 2952; x_wconf 93' lang='lat' dir='ltr'>in</span> <span class='ocrx_word' id='word_1_117' title='bbox 1063 2888 1194 2954; x_wconf 83' lang='lat' dir='ltr'>Christo</span> <span class='ocrx_word' id='word_1_118' title='bbox 1213 2887 1403 2952; x_wconf 78' lang='lat' dir='ltr'>docuerint“</span> <span class='ocrx_word' id='word_1_119' title='bbox 1411 2886 1441 2968; x_wconf 88' lang='lat'>¹).</span> 
     </span>
    </p>

    <p class='ocr_par' dir='ltr' id='par_1_6' title="bbox 301 2998 1444 3866">
     <span class='ocr_line' id='line_1_17' title="bbox 386 2998 1441 3087; baseline -0.002 -25"><span class='ocrx_word' id='word_1_120' title='bbox 386 2998 485 3064; x_wconf 87' lang='lat' dir='ltr'>Hunc</span> <span class='ocrx_word' id='word_1_121' title='bbox 505 3010 614 3065; x_wconf 83' lang='lat' dir='ltr'>sutem</span> <span class='ocrx_word' id='word_1_122' title='bbox 637 3022 820 3066; x_wconf 88' lang='lat' dir='ltr'>sermonem</span> <span class='ocrx_word' id='word_1_123' title='bbox 835 3000 894 3065; x_wconf 83' lang='lat'>111.</span> <span class='ocrx_word' id='word_1_124' title='bbox 913 3002 1059 3087; x_wconf 83' lang='lat' dir='ltr'>ejusdem</span> <span class='ocrx_word' id='word_1_125' title='bbox 1079 3002 1223 3065; x_wconf 87' lang='lat' dir='ltr'>auctoris</span> <span class='ocrx_word' id='word_1_126' title='bbox 1246 3020 1319 3064; x_wconf 87' lang='lat' dir='ltr'>esse</span> <span class='ocrx_word' id='word_1_127' title='bbox 1342 3006 1441 3080; x_wconf 89' lang='lat' dir='ltr'>atque</span> 
     </span>
     <span class='ocr_line' id='line_1_18' title="bbox 302 3108 1441 3198; baseline 0 -26"><span class='ocrx_word' id='word_1_128' title='bbox 302 3108 497 3196; x_wconf 86' lang='lat' dir='ltr'>Hodegum,</span> <span class='ocrx_word' id='word_1_129' title='bbox 527 3114 665 3196; x_wconf 90' lang='lat' dir='ltr'>conjicio</span> <span class='ocrx_word' id='word_1_130' title='bbox 688 3133 732 3177; x_wconf 88' lang='lat' dir='ltr'>ex</span> <span class='ocrx_word' id='word_1_131' title='bbox 756 3133 813 3193; x_wconf 80' lang='lat' dir='ltr'>eo,</span> <span class='ocrx_word' id='word_1_132' title='bbox 843 3112 932 3195; x_wconf 92' lang='lat' dir='ltr'>qnod</span> <span class='ocrx_word' id='word_1_133' title='bbox 954 3111 1175 3198; x_wconf 85' lang='lat' dir='ltr'>compluribus</span> <span class='ocrx_word' id='word_1_134' title='bbox 1199 3110 1278 3177; x_wconf 88' lang='lat' dir='ltr'>locis</span> <span class='ocrx_word' id='word_1_135' title='bbox 1301 3108 1441 3194; x_wconf 85' lang='lat' dir='ltr'>Hodego</span> 
     </span>
     <span class='ocr_line' id='line_1_19' title="bbox 303 3211 1442 3307; baseline -0.001 -24"><span class='ocrx_word' id='word_1_136' title='bbox 303 3223 425 3305; x_wconf 89' lang='lat' dir='ltr'>optimo</span> <span class='ocrx_word' id='word_1_137' title='bbox 448 3230 606 3286; x_wconf 91' lang='lat' dir='ltr'>consonat</span> <span class='ocrx_word' id='word_1_138' title='bbox 627 3231 696 3288; x_wconf 87' lang='lat' dir='ltr'>tum</span> <span class='ocrx_word' id='word_1_139' title='bbox 718 3222 817 3288; x_wconf 88' lang='lat' dir='ltr'>rebus</span> <span class='ocrx_word' id='word_1_140' title='bbox 839 3231 909 3286; x_wconf 90' lang='lat' dir='ltr'>tum</span> <span class='ocrx_word' id='word_1_141' title='bbox 925 3211 1044 3288; x_wconf 86' lang='lat' dir='ltr'>verbis.</span> <span class='ocrx_word' id='word_1_142' title='bbox 1076 3224 1128 3287; x_wconf 89' lang='lat' dir='ltr'>Ac</span> <span class='ocrx_word' id='word_1_143' title='bbox 1149 3224 1287 3307; x_wconf 89' lang='lat' dir='ltr'>primum</span> <span class='ocrx_word' id='word_1_144' title='bbox 1310 3219 1442 3304; x_wconf 87' lang='lat' dir='ltr'>quidem</span> 
     </span>
     <span class='ocr_line' id='line_1_20' title="bbox 303 3329 1443 3418; baseline -0.003 -21"><span class='ocrx_word' id='word_1_145' title='bbox 303 3333 368 3397; x_wconf 89' lang='lat' dir='ltr'>buc</span> <span class='ocrx_word' id='word_1_146' title='bbox 397 3333 607 3399; x_wconf 81' lang='lat' dir='ltr'>referendum</span> <span class='ocrx_word' id='word_1_147' title='bbox 635 3335 714 3400; x_wconf 89' lang='lat' dir='ltr'>mibi</span> <span class='ocrx_word' id='word_1_148' title='bbox 742 3333 892 3417; x_wconf 86' lang='lat' dir='ltr'>videtur,</span> <span class='ocrx_word' id='word_1_149' title='bbox 926 3333 1016 3418; x_wconf 93' lang='lat' dir='ltr'>quod</span> <span class='ocrx_word' id='word_1_150' title='bbox 1042 3333 1161 3418; x_wconf 84' lang='lat' dir='ltr'>legitur</span> <span class='ocrx_word' id='word_1_151' title='bbox 1190 3331 1251 3396; x_wconf 89' lang='lat' dir='ltr'>ool.</span> <span class='ocrx_word' id='word_1_152' title='bbox 1275 3333 1359 3395; x_wconf 86' lang='grc'>1160</span> <span class='ocrx_word' id='word_1_153' title='bbox 1391 3329 1443 3394; x_wconf 93' lang='lat' dir='ltr'>his</span> 
     </span>
     <span class='ocr_line' id='line_1_21' title="bbox 303 3436 1443 3532; baseline -0.004 -25"><span class='ocrx_word' id='word_1_154' title='bbox 303 3443 430 3509; x_wconf 83' lang='lat' dir='ltr'>verbis:</span> <span class='ocrx_word' id='word_1_155' title='bbox 453 3438 565 3527; x_wconf 84' lang='grc' dir='ltr'>,,Ἀ11’</span> <span class='ocrx_word' id='word_1_156' title='bbox 589 3442 622 3509; x_wconf 84' lang='lat' dir='ltr'>oi</span> <span class='ocrx_word' id='word_1_157' title='bbox 646 3437 787 3531; x_wconf 77' lang='grc' dir='ltr'><strong><em>ἀληθῶς</em></strong></span> <span class='ocrx_word' id='word_1_158' title='bbox 809 3438 910 3524; x_wconf 78' lang='grc' dir='ltr'><em>ὄντως</em></span> <span class='ocrx_word' id='word_1_159' title='bbox 932 3436 998 3511; x_wconf 71' lang='grc' dir='ltr'>ὑπὸ</span> <span class='ocrx_word' id='word_1_160' title='bbox 1020 3445 1079 3530; x_wconf 78' lang='grc' dir='ltr'>τῆς</span> <span class='ocrx_word' id='word_1_161' title='bbox 1100 3440 1262 3532; x_wconf 78' lang='grc' dir='ltr'><strong><em>ἐνεργείας</em></strong></span> <span class='ocrx_word' id='word_1_162' title='bbox 1283 3442 1343 3507; x_wconf 79' lang='grc' dir='ltr'>τοῦ</span> <span class='ocrx_word' id='word_1_163' title='bbox 1367 3443 1443 3506; x_wconf 78' lang='grc' dir='ltr'><em>δια.-</em></span> 
     </span>
     <span class='ocr_line' id='line_1_22' title="bbox 301 3544 1444 3644; baseline -0.003 -23"><span class='ocrx_word' id='word_1_164' title='bbox 301 3547 402 3633; x_wconf 75' lang='grc' dir='ltr'><em>βόλου</em></span> <span class='ocrx_word' id='word_1_165' title='bbox 424 3549 688 3644; x_wconf 51' lang='grc' dir='ltr'><em>ἐυεργυύμευοιῖ),</em></span> <span class='ocrx_word' id='word_1_166' title='bbox 712 3554 768 3620; x_wconf 83' lang='grc' dir='ltr'>καὶ</span> <span class='ocrx_word' id='word_1_167' title='bbox 790 3549 920 3630; x_wconf 73' lang='grc' dir='ltr'><em>εἰςτὰς</em></span> <span class='ocrx_word' id='word_1_168' title='bbox 942 3544 1107 3642; x_wconf 65' lang='grc' dir='ltr'><em>πυρώσας</em></span> <span class='ocrx_word' id='word_1_169' title='bbox 1126 3554 1181 3619; x_wconf 84' lang='grc' dir='ltr'>καὶ</span> <span class='ocrx_word' id='word_1_170' title='bbox 1203 3546 1371 3628; x_wconf 63' lang='grc' dir='ltr'><strong><em>ἐκκαύσας</em></strong></span> <span class='ocrx_word' id='word_1_171' title='bbox 1386 3554 1444 3638; x_wconf 76' lang='grc' dir='ltr'>τῆς</span> 
     </span>
     <span class='ocr_line' id='line_1_23' title="bbox 303 3655 1443 3756; baseline -0.002 -26"><span class='ocrx_word' id='word_1_172' title='bbox 303 3660 426 3756; x_wconf 79' lang='grc' dir='ltr'><em>σαρκός</em></span> <span class='ocrx_word' id='word_1_173' title='bbox 446 3655 675 3749; x_wconf 71' lang='grc' dir='ltr'>ἐκμαιυόμευοι</span> <span class='ocrx_word' id='word_1_174' title='bbox 698 3665 752 3732; x_wconf 77' lang='grc' dir='ltr'>καὶ</span> <span class='ocrx_word' id='word_1_175' title='bbox 773 3657 840 3733; x_wconf 75' lang='grc' dir='ltr'>ὑπό</span> <span class='ocrx_word' id='word_1_176' title='bbox 863 3667 921 3733; x_wconf 83' lang='grc' dir='ltr'>τοῦ</span> <span class='ocrx_word' id='word_1_177' title='bbox 944 3667 1100 3754; x_wconf 80' lang='grc' dir='ltr'><em>σαρκικυῦ</em></span> <span class='ocrx_word' id='word_1_178' title='bbox 1122 3659 1312 3755; x_wconf 63' lang='grc' dir='ltr'><em>θελήματος</em></span> <span class='ocrx_word' id='word_1_179' title='bbox 1333 3689 1443 3730; x_wconf 78' lang='lat' dir='ltr'>uoru-</span> 
     </span>
     <span class='ocr_line' id='line_1_24' title="bbox 303 3769 1443 3866; baseline 0 -25"><span class='ocrx_word' id='word_1_180' title='bbox 303 3771 529 3861; x_wconf 74' lang='grc' dir='ltr'><em>καρπυόμειόι</em></span> <span class='ocrx_word' id='word_1_181' title='bbox 558 3777 615 3842; x_wconf 81' lang='grc' dir='ltr'>καὶ</span> <span class='ocrx_word' id='word_1_182' title='bbox 638 3769 853 3862; x_wconf 74' lang='grc' dir='ltr'><em>μολυνόμευυι</em></span> <span class='ocrx_word' id='word_1_183' title='bbox 881 3776 936 3843; x_wconf 76' lang='grc' dir='ltr'>καὶ</span> <span class='ocrx_word' id='word_1_184' title='bbox 964 3771 1240 3866; x_wconf 78' lang='grc' dir='ltr'><em>βυρβορούμευοι,</em></span> <span class='ocrx_word' id='word_1_185' title='bbox 1266 3769 1312 3862; x_wconf 76' lang='grc' dir='ltr'>μὴ</span> <span class='ocrx_word' id='word_1_186' title='bbox 1341 3769 1443 3856; x_wconf 80' lang='grc' dir='ltr'><strong><em>ἰσχύ-</em></strong></span> 
     </span>
    </p>
   </div>
   <div class='ocr_carea' id='block_1_6' title="bbox 1390 4022 1445 4030">
    <p class='ocr_par' dir='ltr' id='par_1_7' title="bbox 1390 4022 1445 4030">
     <span class='ocr_line' id='line_1_25' title="bbox 1390 4022 1445 4030; baseline 0.036 -2"><span class='ocrx_word' id='word_1_187' title='bbox 1390 4022 1445 4030; x_wconf 73' lang='grc'>...-</span> 
     </span>
    </p>
   </div>
   <div class='ocr_carea' id='block_1_7' title="bbox 304 4189 1446 4540">
    <p class='ocr_par' dir='ltr' id='par_1_8' title="bbox 304 4189 1444 4358">
     <span class='ocr_line' id='line_1_26' title="bbox 375 4189 1444 4256; baseline 0.003 -16"><span class='ocrx_word' id='word_1_188' title='bbox 375 4189 397 4255; x_wconf 92' lang='lat'>¹)</span> <span class='ocrx_word' id='word_1_189' title='bbox 415 4189 515 4241; x_wconf 81' lang='lat' dir='ltr'>Exstat</span> <span class='ocrx_word' id='word_1_190' title='bbox 540 4191 612 4242; x_wconf 89' lang='lat' dir='ltr'>idem</span> <span class='ocrx_word' id='word_1_191' title='bbox 640 4205 728 4241; x_wconf 87' lang='lat' dir='ltr'>sermo</span> <span class='ocrx_word' id='word_1_192' title='bbox 748 4193 784 4241; x_wconf 87' lang='lat' dir='ltr'>·in</span> <span class='ocrx_word' id='word_1_193' title='bbox 810 4189 921 4256; x_wconf 87' lang='lat' dir='ltr'>Scriptt.</span> <span class='ocrx_word' id='word_1_194' title='bbox 946 4196 1013 4250; x_wconf 80' lang='lat' dir='ltr'>vett.</span> <span class='ocrx_word' id='word_1_195' title='bbox 1037 4207 1100 4243; x_wconf 86' lang='lat' dir='ltr'>nov.</span> <span class='ocrx_word' id='word_1_196' title='bbox 1121 4193 1181 4242; x_wconf 90' lang='lat' dir='ltr'>coll.</span> <span class='ocrx_word' id='word_1_197' title='bbox 1201 4191 1243 4243; x_wconf 90' lang='lat' dir='ltr'>ed.</span> <span class='ocrx_word' id='word_1_198' title='bbox 1262 4193 1326 4243; x_wconf 83' lang='lat' dir='ltr'>Mai.</span> <span class='ocrx_word' id='word_1_199' title='bbox 1343 4197 1363 4243; x_wconf 86' lang='lat' dir='ltr'>t.</span> <span class='ocrx_word' id='word_1_200' title='bbox 1381 4191 1444 4243; x_wconf 87' lang='lat' dir='ltr'>VII.</span> 
     </span>
     <span class='ocr_line' id='line_1_27' title="bbox 304 4281 945 4358; baseline 0 -22"><span class='ocrx_word' id='word_1_201' title='bbox 304 4301 331 4350; x_wconf 92' lang='lat' dir='ltr'>p.</span> <span class='ocrx_word' id='word_1_202' title='bbox 351 4287 487 4337; x_wconf 77' lang='lat' dir='ltr'>lca-202</span> <span class='ocrx_word' id='word_1_203' title='bbox 506 4287 557 4336; x_wconf 90' lang='lat' dir='ltr'>sub</span> <span class='ocrx_word' id='word_1_204' title='bbox 577 4287 672 4336; x_wconf 84' lang='lat' dir='ltr'>titulo:</span> <span class='ocrx_word' id='word_1_205' title='bbox 691 4281 785 4358; x_wconf 57' lang='lat' dir='ltr'>„iiroc</span> <span class='ocrx_word' id='word_1_206' title='bbox 801 4283 945 4358; x_wconf 77' lang='grc' dir='ltr'><em>τὲταρτος“.</em></span> 
     </span>
    </p>

    <p class='ocr_par' dir='ltr' id='par_1_9' title="bbox 306 4378 1446 4540">
     <span class='ocr_line' id='line_1_28' title="bbox 374 4378 1446 4446; baseline 0.002 -16"><span class='ocrx_word' id='word_1_207' title='bbox 374 4378 397 4444; x_wconf 90' lang='lat'>²)</span> <span class='ocrx_word' id='word_1_208' title='bbox 416 4395 454 4431; x_wconf 89' lang='lat' dir='ltr'>so.</span> <span class='ocrx_word' id='word_1_209' title='bbox 473 4379 507 4430; x_wconf 91' lang='lat' dir='ltr'>de</span> <span class='ocrx_word' id='word_1_210' title='bbox 526 4378 632 4431; x_wconf 90' lang='lat' dir='ltr'>duabus</span> <span class='ocrx_word' id='word_1_211' title='bbox 651 4378 805 4430; x_wconf 74' lang='lat' dir='ltr'>inebriato</span> <span class='ocrx_word' id='word_1_212' title='bbox 824 4380 1012 4432; x_wconf 83' lang='lat' dir='ltr'>voluntatibus</span> <span class='ocrx_word' id='word_1_213' title='bbox 1030 4381 1101 4431; x_wconf 80' lang='lat' dir='ltr'>male</span> <span class='ocrx_word' id='word_1_214' title='bbox 1119 4383 1283 4445; x_wconf 84' lang='lat' dir='ltr'>sentientes,</span> <span class='ocrx_word' id='word_1_215' title='bbox 1309 4385 1342 4430; x_wconf 91' lang='lat' dir='ltr'>ut</span> <span class='ocrx_word' id='word_1_216' title='bbox 1367 4385 1446 4446; x_wconf 85' lang='lat' dir='ltr'>patet</span> 
     </span>
     <span class='ocr_line' id='line_1_29' title="bbox 306 4473 693 4540; baseline -0.005 -15"><span class='ocrx_word' id='word_1_217' title='bbox 306 4489 342 4525; x_wconf 87' lang='lat' dir='ltr'>ex</span> <span class='ocrx_word' id='word_1_218' title='bbox 360 4476 408 4540; x_wconf 89' lang='lat' dir='ltr'>iis,</span> <span class='ocrx_word' id='word_1_219' title='bbox 426 4490 496 4539; x_wconf 83' lang='lat' dir='ltr'>quae</span> <span class='ocrx_word' id='word_1_220' title='bbox 514 4473 693 4540; x_wconf 79' lang='lat' dir='ltr'>praecedunt.</span> 
     </span>
    </p>
   </div>
   <div class='ocr_carea' id='block_1_8' title="bbox 0 0 1629 5217">
    <p class='ocr_par' dir='ltr' id='par_1_10' title="bbox 0 0 1629 5217">
     <span class='ocr_line' id='line_1_30' title="bbox 0 0 1629 5217; baseline 0 0"><span class='ocrx_word' id='word_1_221' title='bbox 0 0 1629 5217; x_wconf 95' lang='lat' dir='ltr'> </span> 
     </span>
    </p>
   </div>
  </div>
 </body>
</html>
