3225 5217
59 4520 76 4573 l

1251 520 1311 588 131

171 695 380 764 interfectrix
402 697 582 782 serpentis,
605 717 705 780 quum
726 692 875 778 reliquae
897 714 1010 762 omnes
1032 692 1116 760 tides
1138 695 1170 759 ei
1189 697 1315 763 amicae

171 813 237 876 sint
257 818 294 876 et
312 811 466 896 propriae
489 817 523 876 et
545 807 685 874 dilectae
711 807 754 874 ab
784 829 835 874 eo.
879 807 928 873 Te
955 809 1054 873 etiam
1081 807 1200 879 solam
1213 810 1315 874 vitam

171 925 319 1003 vocavit,
343 925 444 988 vitam
466 922 644 1004 ferentem,
666 930 804 988 matrem
828 923 970 987 omnium
990 929 1153 1002 nostrum,
1176 922 1233 1004 qui
1252 941 1316 1006 per

171 1043 206 1101 te
228 1037 383 1116 vivimus,
406 1055 506 1117 quum
529 1033 676 1118 reliquae
698 1033 782 1098 fides
804 1035 871 1098 sint
888 1035 977 1098 vitae
994 1039 1157 1116 expertes
1177 1040 1315 1098 etmor-

170 1154 248 1212 tune
270 1153 418 1230 peccato.
461 1143 518 1212 Sic
540 1147 637 1210 etiam
659 1153 693 1210 te
715 1143 822 1210 solnm
842 1146 978 1210 vestivit
999 1151 1035 1208 et
1062 1145 1193 1210 ornavit
1220 1146 1316 1228 quasi

54 1319 57 1327 ,
169 1260 336 1342 propriam
362 1257 558 1342 nympham,
586 1256 733 1340 reliquas
762 1275 844 1322 vero
872 1254 1086 1340 vagabundas
1115 1272 1315 1342 synogogas,

169 1377 329 1450 retectas,
359 1372 540 1450 homnine,
578 1367 749 1452 nudasque
777 1368 915 1434 coelesti
943 1366 1130 1433 velamento
1158 1366 1314 1448 deseruit,

171 1483 295 1566 quippe
315 1502 402 1566 quae
424 1482 485 1546 sub
507 1481 623 1546 umbra
643 1480 769 1546 alarum
792 1481 864 1564 ejus
893 1501 959 1544 non
987 1479 1205 1566 confugerint.
1251 1477 1316 1544 Tui

82 1659 86 1664 ,
170 1595 269 1658 etiam
291 1594 409 1676 solius,
433 1615 452 1658 o
474 1596 681 1678 incorrupta,
704 1600 756 1658 est
777 1591 924 1656 divinum
944 1591 1040 1658 verbi
1061 1612 1185 1674 semen,
1208 1590 1314 1657 hostia

171 1715 205 1772 et
232 1706 426 1772 interfector
453 1705 577 1771 sobolis
605 1707 782 1790 serpentis,
820 1725 865 1770 ex
894 1725 961 1788 quo
996 1705 1102 1768 omnis
1130 1702 1197 1768 alia
1230 1701 1314 1768 fides

171 1819 358 1903 concipiens
384 1825 555 1902 serpentes
583 1818 669 1902 parit
697 1825 731 1882 et
757 1818 890 1900 viperas
916 1822 951 1880 ct
978 1816 1146 1900 scorpios,
1173 1815 1315 1902 populos

169 1947 287 2014 nempe
309 1930 474 2008 infensos,
506 1936 622 2014 utpote
650 1930 815 2015 genimina
844 1930 1041 2012 viperarum
1084 1925 1136 1990 Tu
1157 1927 1230 1993 sola
1251 1926 1315 1992 ob·

170 2061 283 2106 servas
306 2049 340 2106 et
362 2043 504 2108 conteris
529 2049 561 2106 et
582 2041 738 2106 interficis
769 2047 804 2106 et
832 2039 956 2123 sepelis
985 2046 1087 2124 caput
1111 2038 1315 2124 multicipitis

170 2151 339 2235 draccum,
370 2156 403 2217 in
425 2174 512 2237 aqua
535 2153 741 2237 baptismatis
762 2147 931 2218 suffocans
952 2157 987 2217 et
1007 2149 1207 2216 interficiens
1229 2171 1313 2218 eum.

174 2263 223 2329 Tc
254 2267 377 2350 quippe
404 2264 508 2330 solam
537 2267 589 2329 vir
622 2272 699 2330 tuus
732 2263 775 2328 ad
807 2265 981 2348 imaginem
1010 2270 1045 2328 et
1072 2262 1317 2356 similitudinem

173 2397 265 2442 suam
293 2377 374 2442 iecit
400 2377 600 2442 conformem
631 2376 756 2462 gloriae
783 2376 866 2457 Dei,
897 2395 997 2458 quum
1027 2394 1141 2438 omnes
1168 2374 1315 2457 reliquae

172 2509 361 2574 synogogae
391 2489 575 2553 conformes
612 2490 678 2552 sint
712 2489 845 2572 imagini
876 2488 998 2550 inimici
1033 2489 1091 2550 tui.
1142 2484 1218 2551 Tibi
1253 2485 1317 2550 soli

172 2598 344 2666 benedixit
364 2599 458 2664 Deus
480 2607 517 2664 ut
546 2620 714 2664 cresceres
744 2607 778 2664 et
808 2597 1074 2683 multiplicareris
1098 2606 1138 2662 et
1167 2596 1316 2682 repleres

172 2719 292 2776 terrem
314 2711 406 2793 filiis,
429 2711 557 2794 reliqua
577 2719 686 2776 autem
709 2719 826 2774 notura
854 2709 987 2793 quidem
1015 2709 1140 2774 urbana
1169 2707 1316 2774 scortilln

172 2822 298 2906 absque
337 2821 567 2890 benedictione
607 2823 747 2912 reliquit
803 2822 854 2887 Te
888 2798 1038 2886 (lhristns
1078 2818 1242 2885 dominam
1282 2827 1317 2886 ct

172 2936 351 3019 principem
375 2942 408 2998 et
429 2937 575 3019 reginam
598 2937 767 3000 constituit
797 2933 967 2997 volucrum
994 2931 1099 3012 coeli,
1129 2938 1317 2996 sanctorum

173 3035 380 3129 angelorum,
405 3054 439 3112 et
460 3067 616 3130 pecorum
643 3056 762 3126 terrae,
793 3047 950 3130 gentium,
973 3053 1008 3109 et
1024 3046 1161 3130 piscium
1179 3063 1316 3128 prorsus

172 3156 384 3222 ineffabilium
398 3157 439 3240 ¹),
463 3165 497 3222 et
511 3163 674 3240 ,tanquam
696 3157 830 3222 subdita
851 3159 1013 3242 mancipia
1034 3154 1188 3220 infideles.
1206 3154 1317 3220 fideli·

173 3267 234 3332 bus
257 3267 398 3354 subjecit
409 3266 445 3350 ²).
490 3267 540 3337 Te
562 3267 753 3334 solemfrui
776 3267 911 3332 donavit
932 3270 1061 3332 sincera
1077 3275 1111 3331 et
1127 3267 1316 3332 incessabili

174 3379 352 3464 voluptate⁴
365 3388 399 3444 et
419 3380 509 3465 ligno
531 3359 635 3462 vitae,
658 3401 757 3466 quum
779 3381 927 3464 reliquae
949 3379 1103 3444 mulieres
1125 3399 1240 3444 canum
1263 3381 1316 3442 in-

174 3497 244 3556 star
274 3489 397 3575 eptem
427 3499 460 3556 et
489 3492 644 3576 gustandi
666 3491 820 3558 coelestia
849 3494 944 3588 penis
967 3500 1123 3577 expertes
1145 3493 1220 3557 sint.
1264 3490 1316 3555 Tu

175 3601 247 3696 sola
269 3601 404 3686 pulchre
427 3601 508 3668 colis
531 3611 564 3666 et
585 3603 733 3668 custodis
753 3603 943 3689 paradisum
959 3612 1060 3685 tunm,
1083 3603 1182 3688 longe
1196 3601 1316 3688 fugans

174 3734 195 3778 a
217 3715 313 3778 vinca
335 3713 432 3798 lupos
454 3723 488 3780 et
510 3713 643 3798 vulpes,
674 3716 731 3798 qni
758 3713 937 3780 infidelium
965 3734 1047 3778 arva
1066 3713 1191 3778 inculta
1212 3721 1247 3778 et
1266 3717 1317 3778 zi·
1344 3799 1346 3803 .

173 3827 340 3890 saniorum
376 3825 500 3891 feracia
538 3825 631 3890 velut
670 3825 871 3892 incustodita
907 3835 1128 3912 corrumpunt
1183 3825 1214 3892 O
1247 3846 1317 3892 rem

245 4234 267 4299 ¹)
286 4235 357 4286 Puto
376 4234 545 4288 Christianos
563 4237 608 4289 hio
625 4241 726 4305 respici
743 4239 778 4290 ab
797 4244 918 4308 auctore.
953 4240 1070 4291 Latinus
1089 4243 1223 4306 interpres
1242 4237 1318 4289 dedit

176 4336 329 4398 „mutorum
347 4331 504 4404 piscium“,
524 4331 588 4400 (ros
608 4329 703 4404 ἰχθύων
722 4331 802 4408 πάντη
823 4330 956 4406 ἀλόγων),
986 4335 1058 4400 quod
1081 4349 1136 4385 non
1158 4337 1198 4385 ita
1215 4334 1316 4399 placet.

175 4423 281 4476 Auctor
299 4429 370 4477 enim
388 4429 547 4478 immoratur
564 4430 591 4478 in
609 4441 748 4494 anagoges
766 4432 881 4480 ratione.
916 4430 952 4480 cf.
971 4429 1023 4480 eol.
1041 4429 1092 4480 915
1109 4444 1185 4495 seqq.

244 4520 267 4587 ²)
285 4519 332 4574 sic
349 4522 415 4574 mihi
431 4523 548 4590 placuit3
567 4525 703 4578 ettamen
720 4529 813 4576 notam
830 4527 872 4578 38.
891 4524 927 4576 nd
943 4525 1017 4577 huno
1033 4525 1123 4576 locum
1142 4525 1207 4592 (col.
1218 4523 1316 4592 loli).

1106 4621 1141 4672 qe
