3225 5217
1253 538 1315 607 113

173 737 239 780 non
260 715 362 782 habet
382 715 484 780 robur
505 723 540 782 et
560 722 778 801 potestatem,
808 712 869 779 sed
890 735 1031 778 vaenum
1061 721 1096 778 et
1117 716 1212 778 inane
1235 713 1316 778 red-

174 831 270 896 ditm.
319 828 426 895 Reate
459 847 539 913 ergo
571 836 716 916 apteque
753 829 787 892 in
819 847 881 892 suo
914 826 1060 892 adventu
1090 824 1134 890 ad
1166 825 1315 890 homines
1390 901 1397 910 ἱ

175 942 306 1027 quando
329 962 459 1008 earnem
483 943 628 1025 suscepit
650 943 740 1005 etin
761 949 852 1004 terra
872 940 963 1004 risus
987 947 1041 1004 est
1054 937 1317 1020 DeusVerbum,
1367 1014 1369 1018 Ι

174 1063 252 1120 tuno
285 1056 397 1127 etiam,
415 1052 602 1138 appellatus
637 1060 688 1117 est
720 1052 898 1117 Dominusr
938 1073 1014 1116 uam
1053 1059 1152 1115 antea
1184 1048 1316 1134 quidem

174 1165 402 1230 nominabatur
430 1153 528 1242 Θεὸς,
560 1173 599 1229 ut
625 1166 683 1248 qui
714 1173 804 1230 esset
829 1162 943 1227 mundi
969 1158 1159 1249 θεωρητῆς,
1193 1161 1229 1226 id
1257 1172 1318 1242 est,
1434 1223 1437 1228 .

176 1277 414 1363 contemplator
435 1283 470 1342 et
490 1279 666 1361 inspector.
701 1274 843 1356 Quando
864 1283 986 1357 autem,
1008 1295 1082 1340 eum
1103 1295 1166 1359 per
1187 1294 1318 1339 carnem

175 1389 381 1469 advenisset,
412 1396 587 1472 tyrannum
609 1389 774 1452 inimicum
795 1395 943 1452 nostrum
971 1388 1153 1471 percussit,
1186 1385 1319 1469 quando

174 1507 314 1566 mortem
335 1508 441 1564 morte
463 1499 586 1581 affecit,
610 1497 742 1583 quando
761 1520 822 1564 nos
837 1497 1063 1564 adremonnm
1075 1493 1172 1562 m'anu
1189 1498 1320 1582 avulsit,

175 1603 307 1697 quando
338 1611 450 1676 docuit
476 1613 594 1696 impios
616 1611 681 1676 Dei
710 1614 950 1697 cognitionem,
986 1610 1118 1695 quando
1150 1617 1267 1696 gentes
1300 1629 1323 1676 a

175 1725 277 1790 Patre
299 1725 428 1809 aceepit
450 1725 483 1788 ln
505 1721 754 1806 haereditatem,
778 1722 910 1806 quando
932 1723 1083 1820 possedit
1095 1723 1178 1786 lines
1199 1731 1319 1804 terrae,

176 1835 309 1920 quando
331 1835 516 1900 dominatus
546 1841 598 1900 est
626 1855 647 1898 a
675 1837 758 1899 mari
786 1856 894 1919 usque
922 1834 964 1899 ad
994 1855 1085 1899 mara
1115 1844 1150 1900 et
1170 1855 1192 1898 a
1212 1834 1321 1899 fluviis

176 1965 282 2031 usque
304 1946 347 2011 ad
369 1946 452 2012 fines
477 1946 565 2012 orbis
586 1954 714 2012 terrae:
736 1953 816 2010 tuno
826 1946 986 2010 Dominus
999 1951 1051 2012 est
1067 1945 1264 2031 appellatus,
1285 1953 1323 2010 ut

178 2061 235 2142 qui
256 2061 361 2124 nostri
384 2057 621 2140 dominaretur,
655 2060 689 2121 in
711 2078 795 2141 quos
821 2065 922 2121 antea
945 2056 1123 2121 dominium
1152 2056 1324 2122 obtinebat

178 2170 329 2236 diabolus
339 2171 369 2234 “.
430 2169 504 2235 Hae
538 2177 649 2234 autem
682 2169 891 2238 definitiones
925 2168 991 2234 Dei
1024 2176 1059 2234 et
1091 2168 1241 2253 Domini,
1278 2189 1323 2233 ex

180 2284 300 2366 quibus
323 2281 386 2346 hoe
408 2302 502 2347 suum
525 2289 752 2366 argumentum
781 2281 941 2363 institnit,
970 2279 1106 2346 eaedem
1136 2288 1214 2344 sunt
1234 2300 1321 2364 quae

180 2395 215 2458 in
236 2393 380 2479 Hodego
403 2414 474 2478 cap.
497 2394 526 2457 2.
548 2392 663 2457 ouidii
676 2391 719 2457 O:
742 2390 835 2470 „Kal
856 2384 918 2478 γὰρ
939 2384 959 2456 ὁ
982 2385 1065 2466 Θεὸς
1085 2388 1122 2456 ἐκ
1144 2391 1203 2478 τῆς
1224 2397 1322 2458 θεω-

179 2505 310 2592 τητικῆς
333 2497 431 2572 αὐτοῦ
452 2501 615 2592 ἐνεργείας
635 2495 773 2592 εἴρηται,
796 2496 843 2577 ὥς
864 2523 968 2590 φησιν
989 2495 1117 2589 tityrus
1127 2498 1323 2578 Aroadoroc“

180 2617 245 2703 (ei.
267 2617 329 2684 ool.
352 2617 394 2682 68
414 2615 468 2700 A,
497 2616 540 2682 53
562 2615 628 2700 0),
661 2623 695 2680 et
723 2614 785 2681 eol.
809 2617 852 2681 84
873 2615 921 2680 Dr
954 2604 1127 2702 „lidorum
1157 2615 1254 2705 κῦρος
1284 2607 1350 2683 rd'

181 2719 301 2815 κράτος
321 2721 482 2818 elprflut‘t
525 2741 542 2764 Χ

267 2839 397 2905 Deinde
420 2841 512 2904 initio
533 2839 608 2903 libri
618 2837 711 2904 VIII.
734 2847 850 2904 auctor
872 2837 952 2903 dicit
973 2837 1048 2923 (eol.
1071 2839 1165 2921 stit:
1189 2837 1324 2921 „Quod

182 2971 268 3038 quae
290 2950 421 3016 silentio
443 2952 615 3036 proeteriit
626 2949 796 3036 Scriptura
808 2949 937 3033 divina,
952 2973 1017 3014 non
1039 2960 1116 3016 sunt
1137 2950 1325 3034 scrutanda,

166 3072 234 3128 est
255 3066 463 3150 perspicuum
474 3064 513 3145 “,
537 3083 623 3146 quae
646 3063 809 3128 sententia
836 3061 1039 3129 adverbum
1065 3070 1226 3128 consonat
1251 3084 1325 3128 eum

181 3173 270 3239 Hod.
292 3197 363 3260 cap.
386 3173 410 3238 I.
436 3175 497 3240 ool.
519 3174 612 3240 4013
635 3181 669 3240 et
690 3176 783 3240 initio
805 3175 1018 3254 Quaestiouis
1040 3175 1082 3240 89
1100 3171 1132 3257 ¹).

268 3286 420 3370 Denique
450 3287 558 3351 notari
579 3284 696 3368 velim,
729 3305 815 3370 quae
847 3287 999 3370 leguntur
1025 3287 1059 3349 iu
1085 3285 1170 3350 libro
1191 3284 1238 3350 X.
1262 3284 1324 3350 eol.
1402 3310 1406 3317 ·

184 3397 282 3462 1015:
305 3397 516 3481 „(Diabolus)
530 3396 576 3481 ²),
599 3417 671 3464 eum
697 3407 786 3464 esset
806 3398 926 3463 infelix
948 3398 1202 3478 exterminatus,
1225 3403 1260 3460 et
1281 3395 1324 3460 ab

183 3507 304 3573 axibus
333 3509 532 3574 coelestibus
561 3510 772 3575 exturbatus:
803 3518 979 3595 postquam
1007 3512 1056 3574 sio
1077 3507 1159 3572 vidit
1185 3508 1324 3573 formam

185 3627 217 3684 et
238 3629 387 3684 naturam
408 3630 554 3685 nostram
577 3629 611 3686 et
632 3620 751 3686 divinis
773 3621 923 3686 manibus
950 3621 1126 3685 formatam
1152 3628 1186 3685 et
1213 3620 1325 3685 divino

184 3730 309 3818 Spiritu
330 3734 519 3813 animatam,
550 3739 583 3798 et
610 3736 773 3796 universae
804 3753 884 3816 quoe
914 3738 959 3796 est
986 3733 1041 3796 aab
1068 3731 1132 3796 rote
1161 3738 1325 3810 creaturae

81 3855 87 3868 ·
182 3845 322 3926 sopinum
344 3844 537 3908 ooosdtutum
549 3866 561 3924 ,·
592 3865 659 3908 non
687 3844 799 3909 ferens
829 3844 961 3909 honoris
982 3845 1088 3910 nostri
1109 3841 1324 3927 altitudinem,

183 3954 366 4022 aemulatus
398 3963 450 4021 est
482 3955 681 4036 sceleratus,
723 3955 858 4037 invidit,
895 3976 1020 4041 angore
1053 3962 1088 4019 et
1120 3954 1235 4020 dolore
1272 3963 1325 4020 est
1423 4041 1426 4045 ἵ

254 4264 276 4332 ¹)
295 4264 350 4318 vid.
369 4279 453 4332 supra
470 4279 533 4330 pag.
554 4265 595 4316 78.

253 4359 276 4427 ²)
295 4362 331 4412 ei.
350 4361 401 4412 ool.
422 4361 489 4412 1012
507 4359 533 4410 A
550 4358 585 4410 ad
603 4357 704 4426 Gent,
724 4362 754 4410 1:
774 4359 844 4427 „Vel
861 4358 1000 4411 diabolum
1018 4358 1085 4411 dicit
1101 4361 1263 4426 ingressum,
1280 4358 1326 4411 vel

184 4456 274 4520 ipsum
292 4454 393 4507 nudum
412 4456 536 4524 appellat
553 4460 708 4522 serpentem
727 4454 878 4522 Scriptura.
913 4455 982 4507 Mihi
1005 4459 1098 4507 sutem
1116 4454 1226 4507 videtur
1249 4457 1326 4521 prius

184 4551 283 4604 melius
301 4550 448 4604 seeundo“.
909 4551 912 4556 ’

1113 4647 1130 4712 d
