3225 5217
299 507 360 581 132

295 687 425 753 miraml
467 687 522 752 Tu
555 687 627 753 sola
659 689 749 753 facta
781 696 834 753 est
865 689 1012 774 adjutrix
1044 687 1186 769 homini,
1227 687 1372 774 adjutori
1406 697 1440 754 et

294 803 474 887 protectori
495 808 552 864 tuo
565 800 650 882 Deo,
673 799 837 881 laborans,
860 798 993 884 docens,
1014 802 1220 888 praedicans,
1242 801 1443 880 illuminans,

296 921 508 995 convertens,
530 933 653 977 vocans
676 912 719 976 ad
742 933 817 976 eum
839 920 995 996 tauquam
1017 913 1260 979 lucem-omnes
1283 933 1359 993 eos,
1382 913 1440 994 qui

294 1028 328 1090 in
355 1025 500 1090 tenebris
531 1033 565 1089 et
592 1024 707 1089 umbra
740 1027 856 1090 mortis
889 1024 1024 1107 sedent3
1056 1028 1197 1110 gignens
1230 1033 1264 1089 et
1295 1025 1437 1108 pariens,

293 1159 379 1225 pane
400 1139 547 1200 nutriens
570 1144 605 1200 et
626 1136 727 1200 calice
756 1144 894 1220 potans,
922 1157 1047 1220 augens
1075 1145 1109 1202 et
1136 1137 1355 1216 fructificans,
1384 1137 1438 1198 in-

294 1271 426 1334 serens,
457 1248 609 1333 plantans
640 1257 674 1312 et
702 1248 850 1332 quotidie
873 1270 991 1313 curans
1016 1248 1147 1313 hortum
1168 1257 1259 1312 tuum
1282 1257 1316 1312 et
1337 1267 1437 1331 para·-

294 1362 401 1427 disum
435 1363 548 1442 tuique
586 1361 695 1444 gregis
729 1360 896 1445 parvulos.
948 1359 1161 1445 Quapropter
1194 1381 1268 1424 cum
1301 1361 1361 1424 tali
1391 1361 1438 1424 sis

293 1471 452 1538 industria
483 1471 570 1536 donri
600 1453 729 1554 custos,
766 1474 829 1535 viri
856 1493 989 1555 amans,
1025 1475 1097 1556 pia,
1131 1473 1246 1554 fortis,
1279 1472 1437 1558 adjutrix,

293 1593 434 1666 armata,
456 1586 655 1668 pugnatrix,
678 1603 875 1668 semperque
897 1593 1051 1669 prompta
1073 1592 1108 1648 et
1130 1583 1217 1648 ultro
1239 1592 1356 1668 parata
1376 1605 1437 1668 pro

293 1699 364 1760 viro
386 1703 443 1758 tuo
466 1693 542 1758 Ada
565 1693 696 1759 Christo
720 1697 860 1784 animam
881 1715 1005 1779 ponere
1029 1701 1063 1759 et
1085 1696 1156 1780 ejus
1178 1716 1278 1760 eausa
1302 1695 1437 1780 pericli-

293 1809 373 1888 tari,
396 1805 473 1871 ideo
495 1805 555 1870 tibi
579 1797 673 1888 quasi
694 1809 828 1890 reginae
844 1809 1020 1871 constituit
1043 1815 1076 1872 et
1096 1807 1238 1893 subjecit
1259 1807 1436 1874 Cherubim

292 1919 442 1984 fammeis
466 1918 584 2004 gladiis
606 1921 783 2002 instructa,
814 1940 900 2003 quae
929 1920 990 2008 tihi
1017 1919 1233 1984 immortalem
1264 1927 1297 1984 et
1325 1922 1436 1984 incor-
1494 1956 1497 1958 v

292 2039 422 2117 ruptam
444 2032 545 2094 vitam
568 2037 734 2094 aeternam
758 2031 953 2096 custodiant.
998 2030 1047 2096 Te
1070 2029 1243 2115 Seraphim
1271 2039 1435 2115 tueantur,

292 2151 326 2208 te
356 2163 417 2208 sex
445 2142 509 2206 alis'
537 2141 688 2226 praedita
717 2150 849 2228 tegant,
878 2145 986 2207 throni
1015 2151 1161 2224 cessent,
1190 2143 1302 2207 multis
1332 2145 1435 2208 oculis

292 2252 438 2340 videntia
450 2253 593 2333 cernant,
602 2253 1033 2340 tibiprincipatusserviant,
1045 2262 1229 2338 potestates
1241 2257 1434 2337 ministrent,

201 2378 204 2384 '
292 2367 432 2430 virtutes
452 2365 654 2430 ancillantur.
691 2365 740 2429 Te
756 2387 851 2450 reges
865 2365 1015 2448 adorent,
1038 2365 1228 2430 sacerdotes
1240 2366 1435 2452 glorificent,

293 2479 443 2572 nationes
467 2484 645 2556 exornent,
668 2477 800 2562 linguae
824 2476 1030 2542 dilaudeut“.

380 2589 561 2670 „Quoniam
585 2573 683 2672 igitur
705 2595 741 2652 tu
763 2589 851 2670 sola,
880 2611 988 2672 neque
1016 2590 1084 2655 ulla
1112 2590 1194 2673 alia,
1227 2613 1247 2655 a
1275 2595 1348 2655 viro
1377 2599 1436 2658 tuo

293 2698 424 2765 Christo
442 2698 540 2763 talem
564 2709 598 2764 et
621 2709 743 2776 tantam
764 2700 901 2786 gloriam
925 2710 959 2765 et
980 2701 1138 2766 honorem
1160 2706 1278 2782 sortita
1305 2725 1352 2784 as,
1376 2724 1434 2775 oro

291 2819 326 2875 te
350 2819 383 2875 et
405 2811 570 2894 obtestor,
601 2820 716 2896 utpote
746 2819 882 2877 matrem
905 2834 1010 2876 meam
1034 2823 1069 2878 et
1089 2816 1248 2879 nutricem
1270 2836 1290 2878 a
1311 2815 1434 2879 teneris

291 2922 475 3008 unguiculis
498 2931 532 2986 et
553 2945 572 2986 a
595 2924 789 3009 majoribus,
818 2946 861 2990 ne
890 2923 1023 2990 desinas
1044 2947 1162 3010 purum
1184 2927 1320 2991 verbum
1339 2933 1434 2989 tuum

293 3041 326 3097 et
348 3036 489 3097 animum
511 3042 613 3116 tuum,
636 3035 687 3099 lac
711 3057 728 3098 e
751 3039 908 3115 mammis,
931 3037 1010 3100 mihi
1031 3037 1153 3122 largiri,
1175 3047 1278 3102 utiex
1300 3046 1336 3102 te
1358 3046 1434 3101 tuos

292 3164 423 3228 quoque
453 3167 556 3231 agnos
586 3146 765 3231 discipulos
788 3134 883 3212 bene
899 3148 1027 3212 lactem.
1070 3131 1123 3212 Ne
1152 3148 1294 3231 desinas,
1323 3152 1434 3214 incor-

168 3263 174 3272 '
291 3267 387 3340 rupta
411 3257 562 3322 columba
583 3262 688 3323 sancti
711 3257 869 3344 Spiritus,
897 3257 1049 3324 Ecclesia
1070 3261 1152 3343 Dei,
1181 3263 1217 3324 in
1237 3260 1339 3326 corde
1359 3280 1435 3325 meo

290 3388 423 3433 manere
446 3377 480 3432 et
500 3369 702 3434 inambulare
726 3379 759 3434 et
781 3371 903 3436 multos
925 3393 985 3456 per
1005 3393 1059 3437 me
1081 3372 1189 3457 pullos
1209 3393 1337 3459 parere.
1381 3372 1433 3438 Na

291 3477 495 3563 dedigneris,
528 3503 547 3544 o
575 3484 637 3544 viri
666 3483 761 3548 unius
790 3505 903 3548 amans
926 3482 1050 3549 Christi
1071 3493 1196 3568 turtur,
1230 3505 1275 3550 ex
1298 3507 1354 3550 ore
1375 3493 1434 3549 tuo

291 3591 398 3656 cibum
421 3595 555 3658 sationis
577 3597 610 3657 in
633 3615 670 3660 os
691 3615 799 3660 meum
821 3598 984 3680 inserere,
1017 3605 1054 3662 ut
1081 3597 1158 3661 inde
1189 3606 1223 3661 te
1244 3600 1359 3681 tuique
1381 3599 1435 3660 ni-

290 3700 359 3765 duli
380 3703 488 3787 pullos
511 3707 656 3770 vicissim
679 3710 834 3771 nutriam:
864 3730 906 3774 ne
931 3709 1097 3791 cesses,'o
1116 3710 1269 3775 coelestis
1285 3710 1433 3792 luscinia,

290 3816 394 3894 suavi
407 3824 504 3879 cantu
527 3825 584 3881 tuo
608 3825 641 3888 et
669 3818 893 3885 modulatione
918 3842 1015 3886 aures
1042 3843 1133 3886 meas
1163 3820 1367 3905 demulcere,
1397 3831 1435 3886 ut

290 3947 420 4010 semper
449 3928 560 3992 nidulo
591 3938 649 3994 tuo
681 3933 964 4015 circumvolitans,
1003 3934 1111 4018 pullos
1147 3942 1223 3998 tuos
1263 3934 1433 3999 oblectem.

289 4036 342 4101 Ne
365 4041 520 4122 moreris,
551 4062 570 4106 o
593 4046 747 4127 perennis
770 4045 845 4110 fons
867 4049 956 4110 vitae
977 4046 1139 4131 paradisi,
1169 4067 1189 4111 e
1210 4045 1434 4130 speculatione

288 4157 346 4213 tus
367 4147 474 4214 Edem
496 4155 655 4218 scaturire
678 4155 771 4220 nobis
795 4166 949 4222 aeternos
972 4166 1005 4222 et
1026 4156 1180 4243 limpidos
1202 4165 1278 4222 tuos
1307 4157 1433 4238 latices,

180 4339 195 4346 ὴ
289 4268 326 4323 ut
358 4282 445 4345 aqua
479 4264 555 4328 viva
586 4267 727 4329 saturari
759 4269 890 4350 possint
921 4269 1098 4334 rationales
1130 4271 1187 4334 isti
1228 4277 1262 4334 et
1289 4270 1435 4346 ⁴animati

290 4374 399 4435 ovium
421 4393 549 4460 greges.
595 4373 624 4442 O
648 4377 785 4462 pulchra
809 4388 842 4444 et
864 4382 993 4446 coronis
1015 4380 1167 4447 redimita
1187 4382 1276 4446 horti
1302 4380 1433 4460 cultrix,

288 4505 329 4549 ne
354 4483 546 4572 defatigeris
568 4509 629 4554 nos
651 4490 848 4556 inoculando
871 4500 906 4556 et
935 4491 1194 4578 emplastraudo,
1225 4501 1262 4558 ut
1290 4495 1435 4558 vicissim
