3225 5217
1258 517 1319 582 lot

84 683 90 698 ⁸
182 697 233 754 cst
267 689 357 774 apud
387 689 611 754 doctissimum
639 688 845 773 Loquienum
864 691 896 774 ¹).
944 689 1064 775 Neque
1096 693 1211 770 etium,
1247 709 1321 752 cum

181 804 311 886 saepius
333 800 485 865 laudetur
507 822 527 865 a
548 800 713 866 Michacle
736 799 845 885 Glyco
865 803 899 864 in
920 800 1121 882 Annalibus,
1154 821 1228 865 aum
1256 821 1321 862 un-

182 933 278 995 quam
299 914 518 997 patriarcham
540 914 652 976 vocari
673 912 799 996 reperi,
830 911 892 976 sed
913 912 1019 976 solum
1041 911 1208 977 Sinaitam.
1251 911 1321 978 Sed

182 1032 215 1086 et
236 1026 309 1107 ipse
331 1023 478 1088 Joannes
501 1024 724 1088 Damascenus
746 1026 780 1086 iu
801 1026 870 1088 suis
896 1023 1096 1088 orationihus
1124 1023 1187 1104 ,de
1216 1027 1320 1089 sacris

180 1136 404 1220 imaginibus“
445 1135 596 1202 diversos
635 1139 724 1228 citat·
752 1129 967 1200 Anastasium
1006 1135 1248 1200 Antiochenam
1286 1145 1321 1202 ct

179 1244 389 1311 Anastasium
411 1247 569 1314 Sinaitam
600 1251 633 1312 in
661 1247 748 1311 huno
770 1247 918 1312 modum:
952 1248 1039 1328 ,Torl
1060 1240 1242 1333 ἁγιωτάτου
1263 1246 1319 1312 καὶ

179 1347 432 1444 μακαριωτάιου
476 1346 740 1444 ἇρχιεπισκόπου
778 1347 972 1432 orantum
1011 1357 1069 1423 nal
1111 1345 1319 1446 πατριάρχου

178 1461 414 1534 Ἀνασιασίου1
430 1467 457 1551 1)
480 1479 527 1534 et:
554 1469 644 1552 ,Tot
665 1459 1001 1555 dylou'Arcoaoolou
1020 1470 1081 1536 τοῦ
1103 1462 1199 1557 ἆγιόυ
1219 1463 1318 1558 ὅροις

179 1580 278 1646 Eu&
293 1579 329 1663 1).
372 1580 459 1644 Hinc
493 1581 561 1665 jam
600 1580 832 1648 celeberrimus
868 1583 920 1645 vir
950 1580 1096 1646 Michacl
1131 1581 1320 1665 Lequicnua

180 1691 355 1774 conclusit,
384 1692 595 1757 Anastasium
626 1693 712 1758 bunc
738 1691 895 1758 Sinaitam
926 1714 1043 1778 purum
1071 1713 1112 1757 ac
1139 1693 1319 1776 simplicem

178 1803 371 1868 monachum
393 1803 508 1886 fuisse,
531 1807 588 1888 qui
608 1810 685 1888 post
706 1811 817 1868 natam
837 1802 984 1867 Arabum
1005 1825 1066 1869 seu
1087 1804 1319 1868 Mohammetia

114 1979 116 1982 ,
178 1919 441 1999 superstitionem
475 1918 662 2000 scripsisset
678 1913 718 1998 ⁴).
768 1912 886 1998 Itaque
923 1924 960 1978 ut
993 1916 1079 1980 huuc
1107 1914 1319 1980 Anastasium

178 2047 285 2102 mcum
324 2048 395 2091 cum
431 2027 559 2092 duobus
593 2028 657 2092 illis
688 2027 873 2093 Anastaaiia
901 2027 1123 2091 ‚Antiochenis
1154 2025 1318 2111 colligam,

153 2131 225 2203 ‘illi
246 2161 312 2203 non
333 2139 466 2204 fuerunt
488 2137 634 2204 Sinaitae
646 2138 688 2220 ¹¹),
710 2141 773 2204 ista
797 2160 863 2202 non
884 2139 948 2201 fuit
969 2138 1163 2222 patriarcha.
1240 2201 1243 2208 ,

263 2249 438 2314 Caeterum
462 2250 592 2332 qualem
613 2257 755 2314 mentem
778 2249 930 2315 babuerit
952 2248 994 2312 dc
1022 2248 1090 2313 lide
1119 2247 1317 2329 orthodoxa,

178 2359 219 2424 de
248 2363 374 2425 ratione
404 2361 569 2446 modoque
598 2364 771 2426 veritatem
801 2360 995 2424 catholicam
1026 2351 1242 2442 defendendi,
1273 2359 1316 2424 da

177 2491 270 2534 sacra
292 2471 462 2557 Scriptura
484 2480 518 2536 et
539 2471 598 2538 SS.
621 2473 791 2552 Patribus,
814 2471 857 2536 de
878 2474 981 2536 sacris
1002 2471 1161 2552 conciliis,
1185 2471 1315 2554 qualem

177 2601 256 2646 varo
279 2603 316 2648 se
337 2587 479 2667 gesserit
501 2583 668 2648 doctorem
693 2591 726 2648 ct
741 2603 820 2647 vcra
834 2581 1029 2669 Hodegum,
1052 2603 1096 2647 ex
1119 2583 1190 2668 ejus
1211 2584 1315 2666 ipsius

177 2693 305 2776 verbio,
336 2715 421 2778 quac
452 2717 495 2759 ex
518 2698 617 2759 variis
640 2697 771 2780 scriptis
793 2715 893 2779 supra
914 2696 1035 2779 passim
1059 2694 1221 2779 allegavi,
1246 2694 1316 2778 jam

175 2805 254 2868 satis
272 2803 412 2889 J'udicari
428 2808 574 2889 potuisti.
619 2805 732 2898 Verba
748 2807 833 2869 enim
851 2807 945 2887 quasi
964 2805 1133 2889 speculum
1149 2803 1315 2887 quoddam

174 2901 272 2978 animi
301 2915 461 2980 videntur.
513 2917 592 2980 Fuit
628 2937 708 2982 sane
743 2919 794 2980 sui
828 2917 986 3000 temporis
1021 2917 1073 2978 vir
1109 2915 1316 2997 clarissimus,

175 3025 363 3110 Scripturas
392 3047 507 3093 sacrae
537 3035 570 3092 ct
600 3027 658 3094 SS.
689 3028 825 3092 Patrum
854 3029 1071 3111 peritissimus
1101 3026 1317 3109 columenque

176 3139 380 3204 orthodoxae
402 3139 479 3204 fidei
500 3140 664 3224 planeque
681 3138 796 3224 dignus
816 3141 872 3221 qui
890 3159 911 3200 a
929 3137 1166 3222 posterioribus
1187 3136 1317 3221 Μωσῆς

176 3246 245 3322 νέος
267 3250 489 3336 appellaretur
499 3247 534 3334 ⁸)
579 3249 668 3329 Quid
690 3258 799 3316 autem
822 3249 865 3312 de
887 3249 1092 3313 sanctissima
1109 3245 1318 3313 Eucharistiae

176 3363 332 3446 senserit,
363 3383 442 3426 mox
469 3364 604 3447 proprio
633 3361 707 3426 loco
737 3359 929 3425 videbimus.
980 3357 1078 3422 Nunc
1104 3378 1184 3422 vero
1211 3378 1318 3443 pauca

177 3471 218 3536 de
239 3471 350 3536 monte
366 3471 455 3538 Sinai
473 3473 671 3559 subjungere
693 3472 772 3536 mihi
794 3475 901 3536 visum
923 3477 988 3551 est,
1011 3477 1049 3534 ut
1066 3472 1123 3554 qui
1138 3468 1315 3534 Anastasio

176 3604 250 3648 meo
273 3604 391 3649 nomen
416 3583 544 3650 dederit
554 3582 588 3668 ⁷).

247 3841 269 3908 ¹)
289 3840 333 3893 Or.
352 3841 451 3894 Christ.
470 3843 532 3894 Par.
553 3844 621 3894 1740
638 3847 701 3893 tom.
720 3842 755 3892 11.
774 3843 826 3892 col.
846 3843 990 3894 tas-744.

246 3935 270 4003 ²)
287 3937 389 3988 Patrol.
409 3936 455 3988 Gr.
473 3937 524 3988 Ed.
542 3937 626 4002 Mign.
645 3940 710 3987 tom.
731 3937 772 3988 94.
790 3951 818 4002 p.
838 3937 907 3988 1316
924 3942 952 3988 et
971 3938 1046 3987 1412.

250 4029 272 4096 1)
291 4031 356 4081 ibid.
372 4046 400 4097 p.
420 4032 486 4082 1393
505 4036 533 4082 ct
551 4033 625 4082 1416.

246 4123 269 4190 1)
288 4122 333 4174 Or.
352 4123 450 4176 Christ.
468 4130 525 4176 tom
543 4126 579 4177 Π.
598 4125 648 4176 col.
669 4127 727 4177 737.

247 4217 270 4284 ⁸)
289 4217 343 4270 vid.
362 4234 445 4285 supra
462 4234 525 4285 pag.
545 4220 585 4269 14.
795 4217 818 4284 1)
836 4216 947 4269 Celllier
964 4217 982 4267 1.
1001 4232 1025 4268 c.
1042 4233 1070 4282 p.
1088 4219 1149 4270 too.

248 4310 270 4377 ⁷)
289 4312 408 4379 Excerpi
425 4314 555 4378 pleraque
574 4328 609 4364 ex
627 4313 714 4379 libro,
733 4312 777 4364 cui
794 4313 905 4363 titulus:
924 4311 1113 4380 „Schauplatn
1131 4310 1180 4369 dar
1196 4312 1315 4377 hetligen

178 4405 279 4458 Schrilt
295 4423 350 4458 von
367 4407 413 4458 Dr.
432 4407 537 4460 Lorenz
556 4406 638 4458 Clam.
658 4407 750 4484 Grata,
770 4408 793 4458 1.
813 4406 891 4457 Aufl.
910 4406 1049 4456 Mhnchcn
1068 4405 1163 4458 1858ss
1182 4421 1245 4472 pag.
1265 4408 1315 4458 130

178 4515 267 4567 seqq,
284 4502 331 4552 ubi
348 4503 428 4566 plura
446 4505 527 4553 etiam
547 4505 678 4553 invenies.
