3225 5217
322 508 385 572 160

319 678 379 744 sed
402 679 558 766 deinceps
580 683 614 744 in
643 680 715 746 dies
746 683 853 746 minor
881 684 987 746 evasit
1008 680 1267 747 Christianorum
1295 700 1460 747 numerus.

318 789 476 856 Attamen
506 794 604 858 ctiam
633 793 767 856 saeculo
796 801 915 876 querto
944 792 1071 857 decimo
1100 800 1228 878 septem
1260 796 1460 858 monasteris

265 937 268 948 ν
320 912 412 968 erent
433 906 467 966 in
483 903 656 988 peninsula
671 902 911 988 Ecclesicequc
935 904 1078 985 multoe,
1098 911 1200 988 etque
1224 907 1349 990 inipso
1368 905 1459 972 Sinni

319 1014 485 1100 degebant
514 1014 744 1100 quadringenti
771 1015 923 1080 monachi
936 1015 967 1097 ¹).
1016 1014 1062 1079 Et
1096 1018 1280 1108 etiamnunc
1310 1016 1357 1081 ibi
1394 1037 1459 1080 ex-

317 1133 384 1190 stet
405 1129 637 1212 monesterium
655 1124 819 1192 Graecum
838 1147 912 1191 cum
926 1126 1143 1209 Bibliotheca,
1165 1147 1252 1210 quoe
1274 1126 1459 1212 complures

317 1236 448 1301 codices
479 1233 719 1322 manuscriptos
751 1236 899 1302 Graecos
930 1245 965 1302 et
993 1238 1156 1302 Arabicos
1185 1242 1339 1304 continet.
1382 1238 1458 1302 Hoc

316 1349 350 1410 in
376 1351 575 1412 monasterio
605 1339 807 1432 conquiescit
836 1351 935 1412 etiem
964 1369 1084 1434 corpus
1113 1348 1147 1416 S.
1170 1348 1385 1432 Cethnrinne,
1415 1349 1457 1414 ub

307 1457 443 1544 engolis
465 1458 656 1542 mipebiliter
677 1462 711 1524 in
732 1459 824 1526 Sinni
844 1458 1007 1540 deletum,
1029 1469 1205 1545 postquem
1222 1462 1384 1546 sepientis
1397 1481 1458 1525 sue

316 1569 533 1654 philosophos
547 1570 734 1657 Aegyptios
754 1573 898 1634 convicit
916 1579 950 1634 et
968 1571 1010 1636 de
1028 1575 1269 1638 immanissimis
1286 1575 1457 1644 tormentis

318 1679 529 1764 triumphavit
537 1679 574 1764 ⁷)
641 1771 644 1776 ,

387 2037 409 2104 ¹)
429 2039 464 2089 ci
483 2038 636 2090 Reisebuch
653 2039 703 2089 des
720 2039 840 2104 heiligen
857 2039 975 2092 Lendes.
1010 2040 1245 2092 Frnnkfurt‘ltiiti
1262 2057 1290 2106 p.
1308 2043 1367 2092 839.

385 2131 408 2198 ²)
426 2131 509 2184 Grais
527 2134 545 2184 l.
564 2149 587 2184 c.
604 2147 631 2197 p.
651 2133 715 2196 1323
734 2133 769 2184 cs.
787 2136 871 2184 etiem
887 2134 1062 2186 desiderias
1079 2134 1201 2186 Sueresii
1217 2137 1317 2186 librum
1334 2137 1455 2186 chrono-

315 2227 434 2292 logicum
452 2225 561 2278 devite
579 2225 607 2278 S.
623 2227 688 2293 Nili,
701 2228 806 2296 (Migns
819 2227 874 2278 ΡΡ.
889 2227 936 2278 Gr.
951 2233 971 2279 t.
990 2231 1022 2281 79
1037 2229 1089 2280 coL
1106 2231 1174 2281 1384
1191 2229 1290 2297 seqq.)‚
1307 2232 1355 2282 ubi
1371 2234 1453 2282 etiem

315 2319 455 2371 Aneetesii
465 2319 586 2372 Sineitee
598 2320 629 2371 fit
640 2325 751 2388 mentio,
767 2322 817 2374 sed
827 2323 898 2372 fuleo
911 2322 1010 2374 dicitur
1018 2323 1249 2394 Archiepiscopup
1257 2325 1454 2389 Antiochsnus,

317 2416 363 2477 qui
381 2413 415 2464 ud
435 2429 497 2464 eun.
511 2414 569 2466 554.
582 2418 692 2484 vixerit,
710 2431 790 2481 qucm
809 2432 927 2469 errorem
944 2418 1010 2468 mihi
1024 2417 1083 2482 jem
1101 2422 1168 2469 setis
1184 2423 1335 2471 correxisse
1350 2421 1453 2471 videor.
