3225 5217
294 537 355 602 172

291 711 421 794 volunt,
444 713 614 796 usquead
637 717 947 780 consummationem
976 713 1124 780 saeculi?
1166 715 1288 779 Dicere
1318 721 1433 777 contra

292 819 467 905 debuerat,
497 833 617 888 terram
636 828 704 911 jam
728 827 882 890 effectum
905 848 980 892 esse
1009 828 1116 890 locum
1144 828 1251 910 magis
1278 825 1431 889 idoneum

292 936 422 1016 corpori
459 955 555 1018 quem
595 947 692 1001 entes
728 939 868 1003 fuisset“
881 937 914 1020 ¹).
970 937 1037 1004 Sed
1073 935 1337 1023 respondendum
1371 943 1432 1017 est,

291 1040 502 1110 Anastasium
525 1048 578 1112 hic
599 1047 690 1132 loqui
713 1050 754 1114 de
777 1070 914 1134 corpore
930 1051 1061 1114 Domini
1080 1049 1264 1135 glorificato
1282 1047 1431 1128 naturali,

291 1175 356 1220 non
379 1156 420 1221 de
443 1179 581 1243 corpore
604 1164 834 1224 sacramentali
855 1169 890 1225 et
912 1163 1138 1226 eucharistico.

378 1268 477 1346 Quod
513 1273 625 1353 itaque
654 1271 856 1337 Aubertinus
890 1274 962 1336 vult
996 1272 1207 1337 Anastasium
1241 1274 1432 1356 episcopum

292 1377 534 1444 Antiochenum
554 1383 596 1446 de
611 1381 670 1450 SS.
685 1383 894 1448 Eucharistia
911 1387 1065 1466 sensisse,
1087 1384 1166 1447 milri
1182 1405 1247 1448 non
1265 1383 1432 1468 probatur.

292 1489 395 1555 Immo
417 1490 629 1558 Anastasium
651 1497 758 1578 ipsum
778 1494 962 1560 Aubertino
984 1517 1169 1580 repugnare
1192 1515 1331 1575 censen,
1355 1494 1432 1557 dum

292 1603 324 1664 in
355 1611 437 1666 orat.
469 1601 527 1667 IV.
554 1603 596 1668 de
626 1607 807 1687 „Pessione
830 1615 865 1671 ct
885 1606 1153 1691 Impassibilitcte
1177 1591 1322 1672 christr‘
1350 1606 1434 1669 haec

251 1733 260 1750 ·
292 1711 389 1796 ait²):
424 1715 592 1796 „Necesse
616 1727 667 1782 cst
690 1721 821 1782 omnino
842 1727 960 1803 putare
989 1723 1023 1783 in
1052 1715 1434 1806 compositioneGhristi

292 1825 381 1890 aliud
405 1825 484 1909 quid
506 1837 640 1912 praeter
662 1849 781 1913 corpus
805 1837 839 1893 et
859 1832 1009 1911 animam,
1032 1837 1173 1912 utroque
1191 1828 1320 1912 quidem
1336 1826 1434 1891 nobi-

291 1937 373 2019 lius,
408 1941 646 2023 praestantiore
686 1959 765 2004 vero
806 1941 1033 2025 principalins3
1073 1941 1164 2024 quod
1203 1937 1347 2024 quidem'
1369 1958 1432 2023 pro

293 2051 474 2113 acclamate
501 2070 559 2113 sua
588 2069 699 2134 corpur
724 2053 758 2114 in
785 2053 885 2114 mium
913 2053 1071 2136 discipulis
1097 2054 1182 2118 dedit
1189 2076 1202 2134 ,·
1229 2060 1263 2118 et
1293 2053 1432 2115 animam

292 2181 353 2246 pro
375 2164 487 2226 amicis
509 2166 635 2248 posuit:
664 2170 765 2246 atque
792 2165 856 2228 hnc
877 2167 1003 2229 ratione
1032 2168 1162 2228 nimiam
1185 2164 1379 2228 charitatem
1399 2163 1433 2224 in

292 2293 353 2338 nos
380 2294 472 2338 suam
502 2273 713 2354 ostendum).
757 2274 837 2339 Tria
864 2278 949 2340 enim
978 2277 1042 2340 hoc
1072 2275 1146 2341 loco
1174 2275 1371 2339 Anastasius
1400 2273 1433 2336 in

294 2383 426 2448 Christo
443 2384 584 2451 Domino
607 2385 791 2470 distinguit:
825 2406 960 2472 corpus,
984 2395 1018 2452 et
1039 2389 1189 2468 enimam,
1212 2394 1246 2450 et
1268 2384 1358 2470 quod
1381 2391 1433 2448 est

293 2501 435 2579 utroque
457 2496 611 2578 nobilius,
634 2499 654 2560 i.
674 2517 702 2562 e.
727 2506 763 2561 ut
778 2501 889 2562 stetim
904 2499 1090 2584 subjungit:
1119 2499 1294 2580 „Divinum
1311 2516 1430 2559 numen

295 2610 509 2692 compositum
538 2610 608 2673 sine
639 2611 793 2694 passione
820 2629 894 2673 cum
922 2619 1052 2674 terreno
1081 2605 1291 2695 corpore‘l),
1318 2627 1339 2670 a
1366 2627 1432 2689 quo

294 2725 328 2782 et
350 2716 428 2783 dicit
450 2741 569 2804 corpus
592 2741 667 2785 esse
691 2718 802 2784 datum
824 2721 994 2806 discipulis
1015 2723 1049 2784 in
1072 2721 1190 2785 cibum.
1233 2718 1311 2786 Sine
1332 2717 1433 2781 dubio

292 2839 404 2896 autem
425 2834 562 2916 respicit
583 2831 626 2897 ud
656 2833 801 2897 ultimam
832 2833 921 2896 illam
950 2853 1101 2913 coenam,
1128 2835 1161 2896 in
1187 2853 1253 2916 qua
1274 2828 1435 2894 Dominus

292 2941 393 3007 Jesus
431 2947 581 3028 „accepit
610 2916 737 3029 'punem
776 2953 811 3009 et
848 2945 940 3009 dedit
976 2944 1146 3030 discipulis
1179 2945 1264 3023 suis,
1302 2941 1433 3005 dicens:

292 3052 445 3138 Accipite
473 3061 507 3118 et
536 3055 731 3120 comeditez.
759 3055 835 3121 Hoc
869 3064 921 3120 est
952 3077 1071 3141 corpus
1098 3053 1274 3135 meum“⁵).
1322 3051 1434 3117 Sensit

292 3166 415 3248 itaque,
438 3166 613 3254 Dominum
633 3165 750 3231 desum
768 3175 846 3232 tunc
865 3188 983 3252 corpus
1001 3187 1095 3231 suum
1111 3164 1280 3250 discipulis
1302 3161 1435 3227 dedisse

208 3315 216 3329 ·
292 3297 371 3340 vere
394 3281 428 3340 et
448 3277 596 3358 realiter,
618 3299 683 3342 non
705 3278 812 3342 solum
832 3281 866 3342 in
885 3281 1007 3344 virtute
1028 3299 1068 3342 ac
1084 3278 1199 3363 ligura.
1231 3276 1316 3340 Nam
1334 3297 1434 3358 quum

292 3390 356 3452 tria
378 3388 571 3474 distinguat,
594 3390 710 3452 horum
731 3391 829 3454 trium
850 3390 974 3454 nullum
997 3391 1183 3475 restringit:
1205 3408 1314 3470 neque
1336 3389 1433 3450 etiam

293 3499 507 3564 Divinilatem
538 3508 572 3564 et
599 3504 738 3565 animam
773 3501 853 3566 dicit
882 3504 915 3564 in
945 3503 1067 3565 virtute
1098 3509 1223 3564 tantum
1251 3519 1292 3562 sc
1318 3499 1434 3583 ligura,

293 3610 354 3674 sed
376 3613 410 3673 in
431 3632 467 3675 se
489 3615 570 3696 ipsis
594 3632 673 3677 vere
695 3621 730 3677 et
750 3613 886 3678 realiter
907 3620 941 3677 et
962 3612 1146 3684 substantia
1163 3631 1224 3675 sua
1241 3609 1434 3673 intellectos.

294 3721 423 3788 Deinde
459 3722 554 3805 dicit,
585 3722 751 3789 Christum
778 3725 886 3789 Deum
913 3725 948 3788 id
976 3725 1098 3791 iecisse
1126 3743 1208 3806 „pro
1238 3720 1434 3784 auctoritate

295 3834 383 3898 sua.“
417 3831 506 3900 Setis
528 3841 638 3900 autem
660 3835 783 3900 frustra
805 3836 888 3903 haec
908 3835 1013 3900 verba
1034 3834 1261 3919 interjecisset,
1284 3833 1312 3895 si
1335 3829 1435 3902 intel-,

293 3945 449 4028 lenisset,
481 3943 647 4009 Christum
670 3967 790 4032 eorpus
812 3968 906 4012 suum
929 3944 1097 4030 discipulis
1120 3935 1252 4008 dedisse
1274 3941 1380 4006 solum
1402 3941 1436 4006 in

295 4183 607 4192 n—-nu——u—-a-u-——n--n-

236 4341 245 4354 ¹·
365 4334 387 4400 ¹)
406 4333 504 4386 Oudin.
523 4339 588 4384 tom.
606 4333 641 4383 11.
660 4334 704 4384 col
732 4333 783 4384 678
801 4348 841 4396 sq.

364 4429 386 4495 ²)
406 4429 457 4479 col.
478 4428 545 4480 1355
563 4427 596 4477 A.
752 4427 775 4492 ³)
793 4426 864 4491 Eph.
883 4427 915 4492 2,
933 4426 958 4476 4.
1116 4424 1139 4491 ⁴)
1157 4437 1182 4474 c.
1202 4421 1269 4474 1366
1287 4422 1318 4472 Β.

366 4521 388 4588 ¹⁵)
406 4521 504 4572 Metth.
525 4523 572 4588 26,
591 4523 640 4584 263
658 4522 672 4572 I
689 4520 750 4572 Cor.
773 4522 823 4586 11,
842 4521 883 4569 24.
