3225 5217
1254 546 1293 611 17

153 719 244 803 loqui
255 740 349 783 orsus
369 728 419 784 est
432 715 641 802 Augustalis:
664 714 747 781 Cum
762 715 933 802 audissent
952 718 1099 803 episcopi
1119 720 1184 800 isti,
1207 740 1293 801 quac

152 832 336 897 Ecclesiam
348 835 433 925 inter
446 841 478 897 et
489 831 740 898 Theodosianos
751 832 1009 916 disceptationes
1021 834 1218 912 exstiterint,
1229 832 1295 895 huc

153 968 190 1011 se
221 929 434 1031 receperunt,
468 948 639 1029 cupientes
671 964 742 1008 curn
773 932 947 1008 sanctitate
976 952 1091 1007 vestra
1117 943 1294 1027 disputare.
1323 997 1328 1001 .

153 1056 248 1121 Haec
270 1057 446 1142 Augustali
474 1057 601 1139 locuto,
631 1076 688 1119 ora
710 1055 917 1119 resolverunt
938 1055 986 1117 illi
1007 1057 1155 1139 episcopi
1176 1075 1294 1138 meque

128 1194 131 1202 ¹
153 1190 309 1234 accusare
332 1176 529 1255 coeperunt,
559 1178 713 1250 tanquam
736 1168 938 1263 turbatorem
961 1169 1103 1230 civitatis
1125 1175 1160 1230 et
1181 1166 1295 1250 populi
1345 1176 1348 1180 ’

154 1290 188 1345 et
210 1282 369 1346 ecclesiae
396 1281 533 1345 illorum.
580 1279 635 1343 Ad
658 1300 741 1361 quos
764 1300 829 1363 ego
858 1281 928 1342 miti
950 1287 984 1343 et
1003 1278 1173 1343 recidente
1194 1300 1294 1343 voce:

153 1392 342 1456 Venerandi
370 1393 507 1473 Patres,
539 1390 711 1455 vidistisne
741 1411 793 1455 me
824 1389 1026 1474 aliquando?
1068 1390 1138 1453 Aut
1168 1410 1294 1454 mecum

153 1504 330 1587 aliquando
353 1506 476 1568 versati
499 1502 604 1567 estis?
648 1502 875 1566 Audivistisne
903 1522 1047 1585 uuquam
1068 1501 1168 1566 fidem
1189 1522 1294 1565 meam

153 1624 210 1679 aut
232 1634 363 1678 sensum
385 1636 493 1678 meum
517 1635 560 1678 ex
585 1634 642 1679 ore
664 1612 761 1677 meo?
795 1613 922 1691 Quibus
944 1614 1164 1678 abnuentibus
1185 1614 1294 1677 intuli:

153 1726 275 1790 Audite
298 1728 411 1811 igitur,
434 1727 571 1807 Patres,
594 1725 693 1789 fidem
717 1746 840 1806 meam,
870 1725 1022 1807 bonaque
1045 1746 1105 1809 spe
1127 1746 1199 1789 sum
1221 1725 1294 1789 fore

153 1845 190 1900 ut
201 1837 301 1901 vobis
314 1836 454 1922 placeat,
477 1858 586 1920 neque
606 1837 708 1900 ullam
725 1839 757 1899 in
775 1858 828 1901 me
844 1838 1017 1901 inveniatis
1029 1837 1168 1921 culpam.
1200 1834 1295 1900 Haec

152 1948 354 2032 prolocutus,
377 1970 449 2013 curn
468 1949 623 2012 omnibus
631 1948 761 2033 planam
783 1949 895 2012 facere
908 1951 987 2034 etin
999 1947 1107 2012 lucem
1118 1948 1294 2012 extrahere

153 2058 272 2124 vellem
294 2060 546 2144 improbitatem,
571 2062 705 2142 quaein
724 2068 860 2144 pectore
877 2067 1013 2142 totaque
1031 2080 1143 2123 eorum
1156 2058 1296 2122 ecclesia

153 2170 314 2252 latitabat,
338 2171 484 2261 chartam
500 2174 614 2255 accepi
630 2179 663 2235 et
675 2171 835 2235 calamum
850 2192 872 2233 a
883 2173 1029 2252 notariis,
1053 2173 1108 2253 qui
1120 2170 1295 2253 Augustali

154 2282 371 2362 assistebant,
402 2285 435 2345 in
465 2302 530 2365 qua
559 2285 623 2347 ista
653 2284 799 2366 scripsit
820 2282 892 2363 Epo
914 2282 1100 2345 Anastasius
1127 2283 1295 2346 monachus

154 2395 253 2456 soracti
281 2396 391 2457 montis
414 2392 519 2473 Sicci,
552 2394 712 2478 profiteor
744 2393 832 2457 idem
860 2394 925 2458 Dci
946 2392 1093 2457 Verbum
1122 2414 1166 2457 ex
1193 2394 1294 2457 Patre
1351 2434 1354 2440 ·

154 2512 231 2567 ante
253 2507 361 2567 omnia
384 2505 516 2569 saecula
539 2507 695 2590 genitum,
720 2506 923 2588 crucifixum,
945 2505 1120 2589 sepultum,
1141 2526 1295 2588 passum-

155 2636 219 2698 que
233 2636 306 2680 esse
324 2624 357 2679 et
372 2620 604 2681 resurrexisse.
633 2616 727 2681 Haec
742 2618 868 2701 scripsi,
890 2636 998 2699 neque
1010 2618 1118 2680 carnis
1130 2619 1294 2679 mentione

153 2728 259 2808 facta,
282 2748 389 2810 neque
412 2726 516 2792 Verbi
525 2728 580 2791 ·ad
604 2750 664 2793 nos
687 2729 849 2793 adventus
873 2736 907 2791 et
928 2730 1187 2791 conversationis
1208 2730 1295 2791 iuter

153 2858 230 2919 nos,
261 2859 368 2920 neque
391 2840 638 2919 incarnationis3
669 2840 729 2904 sed
752 2840 855 2906 solam
879 2839 982 2903 Verbi
1005 2838 1208 2903 divinitatem
1230 2860 1294 2903 ex-

154 2951 269 3032 pressi.
297 2949 427 3013 Deinde
441 2972 607 3035 exurgens
623 2951 744 3015 tradidi
760 2951 825 3014 illis
839 2950 1006 3031 schedam,
1018 2971 1116 3033 quum
1133 2949 1294 3034 legerunt,

154 3058 339 3141 laudarunt,
362 3061 600 3145 approbarunt:
623 3062 803 3144 quodcum
825 3060 1129 3143 animadverterem,
1151 3054 1294 3145 ajebam:

155 3170 191 3236 Si
201 3170 418 3235 eademvobis
427 3192 519 3235 mens
528 3179 588 3253 est,
601 3172 796 3236 subscribite
809 3181 844 3237 et
855 3173 1025 3256 evestigio
1037 3174 1295 3235 communionem

154 3282 324 3345 vobiscum
354 3282 515 3345 inibimus.
559 3282 642 3346 Erat
673 3285 757 3347 enim
789 3284 860 3347 dies
882 3284 1110 3365 Dominicus¹)
1139 3291 1173 3345 et
1200 3285 1296 3364 quasi

95 3382 97 3387 ’
154 3393 236 3456 hora
258 3395 363 3457 tertia.
408 3392 604 3458 Annucrunt
635 3403 667 3459 et
689 3396 964 3480 subscripserunt.
1008 3394 1160 3479 Accepta
1182 3394 1296 3457 charta

154 3511 231 3588 post
252 3504 526 3588 subscriptionem
548 3507 674 3569 accessi
696 3505 740 3569 ad
761 3506 863 3588 illum,
886 3508 943 3589 qui
965 3528 1009 3571 ex
1027 3528 1139 3571 corum
1160 3525 1296 3569 numero
1368 3512 1374 3524 '

155 3616 293 3678 caeteris
316 3617 496 3699 sapientior
526 3625 559 3679 et
590 3616 746 3681 eruditior
768 3618 957 3700 videbatur,
987 3620 1174 3701 sensimque
1199 3638 1298 3680 manu

154 3724 288 3788 barbam
325 3726 395 3810 ejus
428 3728 621 3811 contingens
653 3727 739 3791 (lixit
774 3728 964 3793 Memineris
994 3728 1098 3797 illius:
1134 3727 1296 3811 „Christo

154 3857 254 3920 passo
275 3839 308 3899 in
332 3838 452 3901 carue“
467 3834 511 3921 ²),
542 3860 561 3902 o
584 3838 846 3923 Theopaschita,
875 3842 997 3905 nonin
1019 3840 1206 3922 divinitate3
1235 3841 1299 3921 „in

156 3968 252 4013 carne
274 3967 373 4032 passo
387 3948 417 4031 “,
442 3957 478 4012 ut
501 3948 602 4017 tradit
624 3950 744 4015 Petrus
767 3950 957 4035 apostolus,
979 3973 1044 4015 non
1066 3960 1175 4016 autem
1197 3958 1297 4035 passo

155 4062 189 4122 in
211 4058 393 4141 divinitate,
416 4067 453 4123 ut
474 4060 681 4145 blasphemat
699 4060 853 4132 Severus,
876 4064 969 4147 cujus
992 4064 1193 4147 impietatem
1215 4060 1297 4125 sub-

156 4173 334 4256 scriptione
365 4180 476 4237 vestra
505 4174 573 4258 jam
608 4172 827 4258 approbastis.
871 4172 997 4238 Volens
1030 4176 1115 4237 enim
1148 4171 1296 4238 omnibus

156 4390 236 4399 -t—-a
240 4394 261 4399 ---
265 4389 1295 4402 -a-——m—-fflffl

225 4530 247 4597 ¹)
266 4528 369 4609 κυριακὴ
390 4542 439 4585 τῶν
458 4530 565 4608 ἡμερῶν.
721 4534 744 4599 ²)
763 4536 784 4585 Ι.
803 4535 878 4587 Patr.
897 4536 928 4601 4,
948 4537 971 4585 1.

1087 4629 1102 4679 2
