3225 5217
291 523 353 588 144

288 694 392 760 frater
419 696 491 762 ille:
530 696 635 780 Vere,
672 697 846 764 reverendi
876 705 1005 784 patres,
1039 719 1118 766 vere
1151 699 1433 788 negligentissime

289 809 391 872 vitam
412 829 517 874 meam
541 811 694 890 traduxi,
726 819 761 876 et
789 832 877 875 nunc
904 810 967 875 hac
988 813 1063 896 ipsa
1084 813 1166 878 hora
1187 813 1369 878 attulerunt
1389 815 1432 879 ad

288 941 340 986 me
362 921 472 1006 angeli
493 922 558 986 Dei
580 921 832 1007 chirographum
861 931 1072 1007 peccatorum
1099 944 1265 1007 meorum,
1293 947 1432 1010 cumque

287 1017 448 1118 legissent
470 1043 609 1118 peccata
630 1033 673 1098 ab
696 1054 737 1098 eo
759 1040 910 1119 tempore
933 1055 1000 1119 quo
1017 1035 1140 1102 mundo
1153 1035 1311 1118 valedixi,
1333 1037 1433 1102 dixe-

272 1152 365 1210 ¹runt
385 1143 428 1210 ad
455 1166 527 1210 me:
560 1143 726 1230 Agnoscis
754 1145 879 1210 haeci'
903 1146 1092 1232 Respondi:
1125 1146 1252 1230 Utique
1279 1169 1432 1234 agnosco.

288 1255 445 1321 Attamen
463 1277 587 1341 exque
605 1258 704 1322 rebus
723 1257 916 1323 mortalibus
930 1261 1077 1323 nuntium
1091 1261 1213 1341 remisi,
1236 1260 1433 1325 monachus-

289 1387 354 1450 que
378 1369 486 1434 iactus
509 1389 596 1444 sum,
618 1390 726 1453 neque
749 1361 947 1454 quemquam
963 1370 1127 1436 hominum
1142 1371 1303 1457 judicavi,
1325 1393 1433 1455 neque

288 1482 423 1566 injurias
444 1481 512 1546 alta
533 1489 643 1546 mente
664 1483 815 1566 reposui,
843 1483 1008 1566 cupioque
1036 1491 1073 1547 ut
1095 1486 1185 1548 etin
1204 1504 1259 1549 me
1281 1483 1433 1549 s'ervetur

289 1601 501 1678 praeceptum
535 1591 675 1675 Christi,
709 1593 766 1676 qui
798 1593 900 1658 dixit:
944 1591 1076 1677 „Nolite
1114 1595 1263 1680 judicare
1297 1603 1332 1660 et
1368 1616 1433 1659 non

285 1702 541 1790 judicabimini.“
593 1704 656 1770 Etr
695 1705 879 1788 ,Dimittite
911 1713 946 1770 et
973 1705 1156 1770 dimittetur
1182 1706 1298 1772 votie‘
1313 1707 1346 1792 ¹).
1389 1705 1436 1770 Et

289 1825 327 1882 ut
348 1817 431 1882 haec
460 1817 503 1880 ad
533 1817 671 1903 angelos
693 1816 780 1898 dixi,
812 1820 993 1902 evestigio
1015 1817 1217 1903 discerptum
1239 1827 1291 1885 est
1312 1838 1434 1905 pecca-

289 1938 395 1995 torum
417 1950 563 1994 meorum
591 1929 854 2015 chirographum.
897 1927 943 1993 Et
972 1949 1050 1994 eece
1080 1931 1168 1994 omni
1197 1936 1278 1997 cura
1297 1929 1434 2011 solutus,

290 2044 368 2126 quin
391 2049 425 2106 et
445 2042 563 2126 plenus
585 2040 732 2128 gaudiis,
761 2039 906 2106 abscedo
935 2041 978 2106 ad
1001 2041 1176 2107 Christum.
1219 2039 1266 2107 Et
1286 2051 1324 2107 ut
1352 2042 1435 2105 haec

289 2154 393 2219 irater
414 2153 471 2218 ille
493 2153 643 2250 patribus
666 2157 839 2239 exposuit,
868 2155 1018 2239 spiritum
1039 2155 1183 2219 Domino
1204 2157 1237 2217 in
1258 2173 1342 2238 pace
1363 2161 1435 2216 tra*

290 2264 390 2349 didit,
413 2267 643 2352 praesentibus
666 2266 821 2351 exemplo
843 2266 886 2330 ad
909 2287 1037 2331 omnem
1059 2266 1234 2332 utilitatem
1261 2274 1295 2330 et
1316 2263 1435 2328 aedili-

291 2380 451 2443 cationem
481 2379 624 2444 relicto!
672 2377 781 2442 Etiam
811 2386 921 2442 autem
950 2381 1064 2442 vivere
1092 2385 1250 2459 testatur,
1287 2379 1345 2460 qui
1371 2376 1436 2440 hoc

291 2492 359 2556 suis
382 2490 486 2555 oculis
507 2493 700 2576 aspexerint
710 2485 746 2575 ²)

378 2604 407 2666 2.
441 2599 628 2684 „Orationes
650 2603 730 2666 doce
752 2601 955 2665 inPsalmam
970 2602 1111 2665 rectem“
1136 2601 1210 2684 (col.
1229 2601 1312 2664 1078
1327 2599 1436 2682 seqq.)

291 2721 459 2780 auctorem
482 2714 615 2780 saeculo
639 2717 778 2800 septimo
800 2716 944 2799 priorem
960 2722 1051 2778 certe
1071 2735 1138 2778 nou
1152 2711 1337 2791 admittunt,
1361 2730 1433 2774 cnm

174 2893 176 2898 .
291 2825 452 2910 quaedam
475 2827 537 2892 sub
555 2827 716 2892 Mauricio
738 2824 941 2911 Imperatore
963 2834 1059 2912 gesta
1078 2825 1234 2890 referant
1279 2823 1328 2888 Ut
1350 2825 1434 2886 enim

289 2945 406 3003 auctor
432 2937 599 3020 ostendat,
627 2940 831 3024 poenitentia
858 2937 966 3002 Deum
995 2957 1094 3021 quam
1129 2938 1272 2999 maxime
1300 2934 1436 3020 placari,

290 3052 325 3113 iu
347 3049 489 3116 medium
511 3050 609 3114 affert
633 3050 800 3134 complure
822 3048 992 3134 exempla,
1020 3056 1054 3113 et
1074 3051 1214 3134 primum
1237 3045 1369 3130 quidem
1392 3065 1437 3110 ex

293 3159 464 3226 Clemente
485 3147 713 3226 Alexandrino
736 3169 918 3246 sumptum,
940 3169 978 3224 ut
999 3163 1072 3245 ipse
1093 3168 1210 3224 auctor
1231 3158 1311 3223 dicit
1320 3157 1363 3242 ³),
1382 3157 1437 3221 'de

288 3273 411 3357 juvene
442 3273 515 3356 illo,
552 3293 649 3358 quem
684 3272 832 3338 Joannes
861 3271 1045 3357 Apostolus
1080 3274 1235 3356 episcopo
1268 3270 1438 3355 Ephesino
1545 3311 1549 3316 -

292 3383 542 3450 custodiendum
580 3383 734 3465 tradidit,
777 3382 838 3450 sed
870 3384 913 3448 ah
952 3384 1016 3448 hoc
1049 3382 1135 3448 male
1172 3379 1370 3447 custoditum
1404 3389 1439 3445 et

291 3495 451 3562 latronem
490 3497 614 3561 factum
646 3505 765 3583 postea
801 3499 874 3582 ipse
910 3497 1084 3581 requisivit
1095 3495 1141 3580 4);
1181 3493 1360 3560 secuudum
1394 3493 1437 3558 de

292 3607 419 3674 latrone
440 3609 497 3673 illo
519 3613 552 3673 in
575 3629 672 3675 cruce
702 3609 794 3674 fideli
807 3607 851 3693 5);
881 3611 1014 3674 tertium
1043 3609 1192 3691 denique.
1217 3615 1251 3671 et
1280 3604 1369 3690 quod
1395 3606 1439 3668 sit

291 3723 470 3803 recentius,
510 3721 553 3786 de
590 3721 718 3786 latrone
752 3720 896 3806 quodam
937 3720 999 3785 sub
1034 3719 1194 3782 Mauricio
1235 3716 1437 3802 Imperatore

293 3833 454 3898 Thraciae
476 3833 559 3898 lines
582 3833 786 3914 devastante,
810 3836 867 3916 qui
890 3830 1009 3896 deinde
1025 3831 1097 3895 solo
1111 3829 1322 3914 imperatoris
1341 3829 1437 3913 jussu

143 3934 144 3942 ἵ
197 4021 199 4028 ¹
292 3954 470 4032 permotus,
492 3947 630 4032 objectis
649 3946 784 4011 latronis
795 3943 951 4026 moribus,
962 3946 996 4006 in
1006 3943 1140 4008 modum
1153 3943 1226 4006 ovis
1236 3947 1437 4021 mansuetae,

365 4255 387 4323 ¹)
405 4256 472 4308 Luc.
491 4258 524 4322 d,
542 4258 585 4308 st.
652 4259 654 4268 “
897 4253 921 4320 ²)
940 4269 963 4305 c.
983 4255 1034 4305 250
1052 4252 1085 4304 A.

366 4351 389 4417 ⁸)
408 4351 459 4402 col.
479 4352 555 4402 1106.
591 4349 693 4401 Exstat
710 4351 830 4401 namatio
849 4352 877 4400 in
895 4347 980 4401 Clam.
999 4348 1080 4402 Alex.
1098 4349 1168 4400 libro
1188 4348 1265 4416 „qula
1283 4345 1360 4398 dives
1378 4343 1438 4396 sal-

296 4444 395 4497 vetur“
414 4461 440 4494 n.
458 4446 500 4494 42.

366 4541 388 4607 ⁴)
407 4541 459 4592 col.
480 4542 659 4593 1106-1110.
904 4539 927 4607 ¹)
948 4540 999 4590 col.
1020 4540 1095 4590 1112.
