3225 5217
299 491 342 556 bb

297 663 473 748 ferruginis
501 665 669 750 opusculi:
706 665 875 746 „Adbecc
903 667 1107 732 obtestamur
1134 689 1192 733 eos
1215 713 1347 733 .....
1376 689 1449 753 op—.

297 775 499 860 pleverrmt‘⁸
513 777 545 860 ¹).
586 775 634 841 Et
653 785 723 844 tum
745 778 789 842 sd
815 778 987 864 prologum
1009 782 1120 864 operis
1148 779 1298 860 secundi,
1329 787 1366 844 ut
1386 783 1440 844 ni·

297 889 413 952 mirum
434 889 508 952 vult
529 887 689 970 Oudiuus,
710 892 876 972 anonymi,
899 890 991 974 cujus
1013 899 1112 974 caput
1133 889 1193 954 IlL
1214 892 1378 975 praefatio
1397 893 1441 955 sit

298 1007 334 1064 et
361 999 440 1064 nihil
468 999 572 1081 eliud,
600 999 739 1064 eandem
766 1003 873 1064 virum
903 1001 1024 1066 bonurn
1055 1001 1249 1066 cantilenam
1277 1011 1440 1087 repetere.

297 1111 422 1196 „Rogo
444 1121 555 1178 antem
576 1133 657 1192 eos,
685 1115 744 1196 qni
771 1113 859 1176 bunc
881 1113 998 1178 librum
1020 1114 1138 1177 lecturi
1159 1122 1252 1194 sunt,
1284 1123 1320 1177 nt
1342 1119 1440 1180 etiem

287 1199 409 1308 'legant
423 1224 550 1288 scholia
567 1227 637 1289 suis
654 1226 737 1289 locis
750 1227 882 1290 inserta
915 1225 1018 1306 Etsi,
1041 1233 1078 1290 ιιι
1093 1225 1265 1326 probsbile
1283 1226 1439 1306 futurum,

297 1335 430 1400 soloeca
439 1335 601 1419 quaedam
612 1338 873 1418 continetvenia
883 1335 1022 1400 dabitur.
1034 1337 1121 1400 Dum
1130 1344 1238 1401 autem
1248 1343 1441 1402 auctortote

296 1453 406 1511 mente
429 1455 464 1511 et
484 1449 685 1532 cogitatione
701 1450 736 1511 in
752 1467 854 1512 sensu
871 1447 1017 1512 notondo
1036 1457 1070 1512 et
1088 1447 1290 1533 designando
1308 1449 1440 1514 defixus

296 1559 429 1640 haeret,
459 1576 560 1642 saepe
587 1560 756 1638 usuvenit,
786 1566 825 1622 ut
854 1559 1067 1624 soloecismos
1098 1567 1132 1624 et
1160 1563 1439 1644 interpunctiones

296 1671 328 1733 in
351 1671 526 1753 postremis
553 1667 725 1749 ducat“²).
768 1668 841 1734 Hes
863 1677 973 1734 antem
995 1673 1166 1754 scriptoris
1186 1673 1437 1755 praecautiones

297 1779 339 1844 de
360 1779 564 1844 soloecismis
585 1800 651 1843 non
673 1781 890 1865 corrigendis,
921 1780 963 1846 de
990 1781 1124 1846 scholiis
1151 1783 1185 1844 in
1207 1803 1291 1866 opus
1312 1783 1438 1866 impor-

295 1889 421 1971 tandia‚
456 1889 500 1955 de
527 1892 720 1958 accentibus
748 1900 902 1957 accurste
931 1891 1163 1974 observandis,
1200 1895 1258 1976 qui
1287 1899 1439 1958 recentes

295 2002 384 2088 apud
396 2001 545 2068 Graecos
556 2024 631 2068 esse
643 2003 835 2084 credentur,
854 2003 937 2067 hnec
954 2005 1062 2067 omnia
1075 2001 1229 2068 redolere
1243 2006 1438 2088 scriptorem

295 2115 418 2180 saeculi
440 2113 671 2199 utplurimum
689 2113 866 2193 undecimi,
889 2135 948 2178 seu
963 2112 1125 2179 Graeciae
1145 2117 1338 2180 recentioris
1357 2135 1439 2179 auc·

295 2234 418 2308 torem,
462 2225 593 2308 qualem
634 2226 707 2309 ejus
748 2232 939 2316 potentem¹
960 2245 998 2290 se
1039 2227 1195 2291 statuisse
1227 2225 1439 2290 Anastasium

295 2345 457 2420 quartum.
500 2335 571 2404 Sex
593 2343 704 2400 antem
725 2337 872 2420 priorum
889 2334 1061 2402 Ecclesiae
1080 2337 1283 2402 saeculorum
1306 2345 1439 2421 ternpo-

294 2447 385 2512 ribus
414 2467 523 2530 neque
555 2445 685 2510 duobna
723 2447 821 2510 edam
857 2447 1072 2530 sequentibus
1109 2469 1249 2531 unquam
1285 2457 1438 2533 precetos

295 2579 370 2624 csse
399 2559 519 2623 Patres
550 2556 700 2622 Greccos
721 2558 777 2622 vol
806 2560 985 2642 scriptores
1014 2558 1117 2640 ullos,
1147 2559 1202 2624 vel
1232 2558 1275 2624 de
1304 2559 1438 2624 scholiis

295 2671 363 2734 suis
391 2669 547 2754 operibns
576 2667 787 2755 adjiciendis,
826 2668 879 2732 vel
914 2668 958 2734 de
993 2669 1198 2751 accentibus,
1233 2671 1363 2754 punctis
1397 2691 1438 2734 ac

295 2783 507 2865 semipunctis
542 2781 659 2846 sedulo
695 2779 927 2861 observandis,
965 2780 1020 2845 vel
1056 2780 1098 2845 de
1135 2781 1338 2846 soloecismis
1372 2802 1437 2846 non

295 2889 570 2978 corrigendum).
624 2890 724 2956 Unde
752 2889 874 2956 Oudini
903 2890 1037 2974 quidem
1065 2911 1166 2956 seusu
1197 2891 1350 2972 „bardus
1386 2900 1438 2956 est

294 3002 482 3086 hebesque,
517 3004 667 3086 quisquis
702 3001 792 3066 istud
829 3002 1022 3087 opusculum
1057 3002 1144 3067 ultre
1178 3001 1344 3068 saeculum
1374 3023 1437 3066 un·

294 3113 455 3180 decimum
472 3111 699 3178 collocendum
715 3115 881 3178 censuerit
887 3115 907 3151 “
916 3112 948 3193 ⁴).
991 3113 1151 3178 Nimirum
1167 3111 1317 3200 ¹(indicus
1334 3120 1435 3194 vetat,

207 3291 213 3297 ,
294 3233 462 3290 auctorem
489 3224 622 3290 saeculo
653 3227 794 3310 septimo
822 3247 883 3290 sun
911 3245 1010 3290 sensu
1037 3226 1228 3310 scripsisse,
1265 3243 1374 3307 neque
1403 3227 1437 3288 in

293 3337 488 3422 probatione
516 3357 577 3402 sue
611 3337 725 3401 circuli
751 3339 867 3402 vitium
897 3345 1047 3418 veretur,
1085 3357 1185 3420 quum
1219 3338 1249 3400 si
1283 3353 1327 3400 ex
1364 3334 1436 3400 eliis

295 3450 395 3512 certis
416 3450 619 3533 argumentis
640 3454 800 3513 statutum
822 3456 890 3530 est,
919 3457 1087 3512 auctorem
1108 3449 1282 3533 scripsisse
1303 3445 1436 3513 saeculo

294 3560 449 3642 septimo,
467 3558 537 3642 jam
558 3579 674 3623 verum
694 3581 760 3623 non
781 3561 841 3639 sit,
863 3557 986 3623 nullum
1008 3560 1144 3624 Patrem
1165 3559 1221 3624 rel
1242 3560 1436 3643 scriptorem

294 3678 370 3734 octo
391 3671 536 3754 priorum
557 3668 728 3734 Ecclesiae
750 3669 958 3735 saeculorum
979 3669 1046 3735 tale
1076 3669 1254 3753 quidquem
1281 3670 1315 3732 in
1343 3667 1436 3732 libris

294 3781 363 3845 suis
392 3781 569 3844 monuisse.
612 3779 712 3859 Quod
740 3801 821 3846 vero
854 3780 947 3862 dicit,
982 3761 1138 3846 docentus
1169 3779 1258 3864 apud
1288 3777 1436 3843 Graecos

293 3897 445 3957 recentes
474 3891 583 3972 credi,
615 3891 731 3956 eodem
758 3899 898 3977 spectat.
941 3891 1026 3956 Nam
1055 3893 1166 3976 potins
1194 3911 1237 3954 ex
1266 3890 1331 3954 boc
1351 3887 1436 3952 libro

297 4010 492 4068 accentuum
515 4024 609 4068 usum
627 4004 697 4090 jam
713 4004 860 4089 viguisse
882 4002 1014 4068 sacculo
1036 4004 1177 4088 septimo
1199 3998 1436 4086 conjiciendum
1558 4097 1562 4104 ἱ

362 4382 386 4448 ¹)
404 4382 460 4434 vld.
477 4397 563 4449 snpra
579 4397 642 4447 pag.
660 4383 704 4433 to.
911 4379 934 4446 ²)
953 4379 1005 4432 col.
1023 4381 1057 4432 88
1074 4379 1108 4430 D.

363 4477 386 4544 ⁸)
403 4475 503 4530 Oudtn·
521 4482 586 4528 tom.
605 4477 641 4528 11.
660 4477 711 4527 col.
731 4476 791 4526 559.
913 4473 935 4541 ι)
954 4473 1053 4526 Oudin.
1071 4471 1136 4525 ibid.

1601 1297 1606 1544 l
