<?xml version="1.0" encoding="UTF-8"?>
<!DOCTYPE html PUBLIC "-//W3C//DTD XHTML 1.0 Transitional//EN"
    "http://www.w3.org/TR/xhtml1/DTD/xhtml1-transitional.dtd">
<html xmlns="http://www.w3.org/1999/xhtml" xml:lang="en" lang="en">
 <head>
  <title>
</title>
<meta http-equiv="Content-Type" content="text/html;charset=utf-8" />
  <meta name='ocr-system' content='tesseract 3.04.00' />
  <meta name='ocr-capabilities' content='ocr_page ocr_carea ocr_par ocr_line ocrx_word'/>
</head>
<body>
  <div class='ocr_page' id='page_1' title='image "./deanastasiosina00kumpgoog_0077.png"; bbox 0 0 3225 5217; ppageno 0'>
   <div class='ocr_carea' id='block_1_1' title="bbox 1282 521 1323 587">
    <p class='ocr_par' dir='ltr' id='par_1_1' title="bbox 1282 521 1323 587">
     <span class='ocr_line' id='line_1_1' title="bbox 1282 521 1323 587; baseline 0.024 -1"><span class='ocrx_word' id='word_1_1' title='bbox 1282 521 1323 587; x_wconf 79' lang='lat'>53</span> 
     </span>
    </p>
   </div>
   <div class='ocr_carea' id='block_1_2' title="bbox 115 689 1327 3453">
    <p class='ocr_par' dir='ltr' id='par_1_2' title="bbox 181 689 1324 1336">
     <span class='ocr_line' id='line_1_2' title="bbox 183 689 1323 780; baseline -0.002 -20"><span class='ocrx_word' id='word_1_2' title='bbox 183 717 214 760; x_wconf 80' lang='lat' dir='ltr'>a</span> <span class='ocrx_word' id='word_1_3' title='bbox 236 689 309 760; x_wconf 76' lang='lat'>685.</span> <span class='ocrx_word' id='word_1_4' title='bbox 352 695 471 780; x_wconf 84' lang='lat' dir='ltr'>Itaque</span> <span class='ocrx_word' id='word_1_5' title='bbox 492 695 689 761; x_wconf 70' lang='lat' dir='ltr'>Anastasius</span> <span class='ocrx_word' id='word_1_6' title='bbox 710 703 823 774; x_wconf 83' lang='lat' dir='ltr'>noster</span> <span class='ocrx_word' id='word_1_7' title='bbox 844 697 976 780; x_wconf 76' lang='lat' dir='ltr'>scripsit</span> <span class='ocrx_word' id='word_1_8' title='bbox 997 702 1074 780; x_wconf 90' lang='lat' dir='ltr'>post</span> <span class='ocrx_word' id='word_1_9' title='bbox 1095 717 1124 758; x_wconf 89' lang='lat' dir='ltr'>a.</span> <span class='ocrx_word' id='word_1_10' title='bbox 1147 695 1226 776; x_wconf 85' lang='grc'>680,</span> <span class='ocrx_word' id='word_1_11' title='bbox 1250 716 1323 759; x_wconf 91' lang='lat' dir='ltr'>cum</span> 
     </span>
     <span class='ocr_line' id='line_1_3' title="bbox 181 806 1324 892; baseline -0.001 -22"><span class='ocrx_word' id='word_1_12' title='bbox 181 808 406 891; x_wconf 85' lang='lat' dir='ltr'>jamquinque</span> <span class='ocrx_word' id='word_1_13' title='bbox 423 808 521 890; x_wconf 75' lang='lat' dir='ltr'>hujus</span> <span class='ocrx_word' id='word_1_14' title='bbox 539 808 747 892; x_wconf 87' lang='lat' dir='ltr'>patriarchae</span> <span class='ocrx_word' id='word_1_15' title='bbox 764 827 867 871; x_wconf 86' lang='lat' dir='ltr'>annos</span> <span class='ocrx_word' id='word_1_16' title='bbox 890 806 1134 890; x_wconf 74' lang='lat' dir='ltr'>praeterlapsos</span> <span class='ocrx_word' id='word_1_17' title='bbox 1156 814 1324 871; x_wconf 78' lang='lat' dir='ltr'>memoret.</span> 
     </span>
     <span class='ocr_line' id='line_1_4' title="bbox 185 917 1324 1004; baseline 0.002 -24"><span class='ocrx_word' id='word_1_18' title='bbox 185 917 284 996; x_wconf 81' lang='lat' dir='ltr'>Quod</span> <span class='ocrx_word' id='word_1_19' title='bbox 311 921 340 982; x_wconf 89' lang='lat' dir='ltr'>si</span> <span class='ocrx_word' id='word_1_20' title='bbox 362 919 546 1004; x_wconf 75' lang='lat' dir='ltr'>colligimus</span> <span class='ocrx_word' id='word_1_21' title='bbox 577 940 651 982; x_wconf 90' lang='lat' dir='ltr'>cum</span> <span class='ocrx_word' id='word_1_22' title='bbox 679 920 736 997; x_wconf 84' lang='lat' dir='ltr'>iis,</span> <span class='ocrx_word' id='word_1_23' title='bbox 766 939 852 1000; x_wconf 89' lang='lat' dir='ltr'>quac</span> <span class='ocrx_word' id='word_1_24' title='bbox 883 939 983 1001; x_wconf 86' lang='lat' dir='ltr'>supra</span> <span class='ocrx_word' id='word_1_25' title='bbox 1000 917 1022 1000; x_wconf 90' lang='lat'>¹)</span> <span class='ocrx_word' id='word_1_26' title='bbox 1050 939 1094 981; x_wconf 87' lang='lat' dir='ltr'>ex</span> <span class='ocrx_word' id='word_1_27' title='bbox 1120 917 1225 982; x_wconf 85' lang='lat' dir='ltr'>relata</span> <span class='ocrx_word' id='word_1_28' title='bbox 1254 919 1324 1002; x_wconf 86' lang='lat' dir='ltr'>ejus</span> 
     </span>
     <span class='ocr_line' id='line_1_5' title="bbox 185 1022 1324 1114; baseline 0 -22"><span class='ocrx_word' id='word_1_29' title='bbox 185 1022 406 1112; x_wconf 85' lang='lat' dir='ltr'>disputatione</span> <span class='ocrx_word' id='word_1_30' title='bbox 427 1031 526 1092; x_wconf 87' lang='lat' dir='ltr'>tertia</span> <span class='ocrx_word' id='word_1_31' title='bbox 547 1051 621 1092; x_wconf 90' lang='lat' dir='ltr'>cum</span> <span class='ocrx_word' id='word_1_32' title='bbox 643 1029 818 1092; x_wconf 80' lang='lat' dir='ltr'>haereticis</span> <span class='ocrx_word' id='word_1_33' title='bbox 830 1027 1054 1092; x_wconf 86' lang='lat' dir='ltr'>Alexandriae</span> <span class='ocrx_word' id='word_1_34' title='bbox 1077 1029 1189 1092; x_wconf 84' lang='lat' dir='ltr'>habita</span> <span class='ocrx_word' id='word_1_35' title='bbox 1210 1029 1324 1114; x_wconf 87' lang='lat' dir='ltr'>conje-</span> 
     </span>
     <span class='ocr_line' id='line_1_6' title="bbox 185 1140 1324 1224; baseline 0.002 -21"><span class='ocrx_word' id='word_1_36' title='bbox 185 1142 298 1220; x_wconf 88' lang='lat' dir='ltr'>cimus,</span> <span class='ocrx_word' id='word_1_37' title='bbox 318 1147 458 1219; x_wconf 70' lang='lat' dir='ltr'>constat</span> <span class='ocrx_word' id='word_1_38' title='bbox 479 1140 690 1204; x_wconf 85' lang='lat' dir='ltr'>Anastasium</span> <span class='ocrx_word' id='word_1_39' title='bbox 709 1148 857 1203; x_wconf 87' lang='lat' dir='ltr'>nostrum</span> <span class='ocrx_word' id='word_1_40' title='bbox 876 1140 1009 1204; x_wconf 86' lang='lat' dir='ltr'>saeculo</span> <span class='ocrx_word' id='word_1_41' title='bbox 1020 1143 1161 1224; x_wconf 88' lang='lat' dir='ltr'>septimo</span> <span class='ocrx_word' id='word_1_42' title='bbox 1174 1140 1324 1205; x_wconf 86' lang='lat' dir='ltr'>floruisse</span> 
     </span>
     <span class='ocr_line' id='line_1_7' title="bbox 185 1250 1117 1336; baseline 0.001 -21"><span class='ocrx_word' id='word_1_43' title='bbox 185 1250 373 1335; x_wconf 88' lang='lat' dir='ltr'>etquidem</span> <span class='ocrx_word' id='word_1_44' title='bbox 392 1252 461 1336; x_wconf 87' lang='lat' dir='ltr'>jam</span> <span class='ocrx_word' id='word_1_45' title='bbox 483 1260 560 1315; x_wconf 82' lang='lat' dir='ltr'>ante</span> <span class='ocrx_word' id='word_1_46' title='bbox 580 1273 609 1315; x_wconf 85' lang='lat' dir='ltr'>a.</span> <span class='ocrx_word' id='word_1_47' title='bbox 633 1253 697 1314; x_wconf 77' lang='lat'>640</span> <span class='ocrx_word' id='word_1_48' title='bbox 719 1259 754 1314; x_wconf 84' lang='lat' dir='ltr'>et</span> <span class='ocrx_word' id='word_1_49' title='bbox 775 1253 874 1314; x_wconf 86' lang='lat' dir='ltr'>etiam</span> <span class='ocrx_word' id='word_1_50' title='bbox 895 1259 971 1334; x_wconf 88' lang='lat' dir='ltr'>post</span> <span class='ocrx_word' id='word_1_51' title='bbox 993 1273 1021 1316; x_wconf 91' lang='lat' dir='ltr'>a.</span> <span class='ocrx_word' id='word_1_52' title='bbox 1045 1252 1117 1316; x_wconf 80' lang='lat'><strong>680.</strong></span> 
     </span>
    </p>

    <p class='ocr_par' dir='ltr' id='par_1_3' title="bbox 115 1362 1327 3453">
     <span class='ocr_line' id='line_1_8' title="bbox 270 1362 1324 1448; baseline 0.001 -22"><span class='ocrx_word' id='word_1_53' title='bbox 270 1362 363 1440; x_wconf 79' lang='lat' dir='ltr'>Quae</span> <span class='ocrx_word' id='word_1_54' title='bbox 386 1362 545 1426; x_wconf 86' lang='lat' dir='ltr'>hactenus</span> <span class='ocrx_word' id='word_1_55' title='bbox 568 1365 726 1443; x_wconf 86' lang='lat' dir='ltr'>eruimus,</span> <span class='ocrx_word' id='word_1_56' title='bbox 760 1365 864 1426; x_wconf 86' lang='lat' dir='ltr'>amice</span> <span class='ocrx_word' id='word_1_57' title='bbox 893 1362 1016 1442; x_wconf 77' lang='lat' dir='ltr'>lector,</span> <span class='ocrx_word' id='word_1_58' title='bbox 1050 1383 1094 1426; x_wconf 83' lang='lat' dir='ltr'>cx</span> <span class='ocrx_word' id='word_1_59' title='bbox 1122 1370 1194 1427; x_wconf 82' lang='lat' dir='ltr'>toto</span> <span class='ocrx_word' id='word_1_60' title='bbox 1221 1365 1324 1448; x_wconf 87' lang='lat' dir='ltr'>ipsius</span> 
     </span>
     <span class='ocr_line' id='line_1_9' title="bbox 184 1474 1323 1559; baseline 0.002 -23"><span class='ocrx_word' id='word_1_61' title='bbox 184 1475 296 1558; x_wconf 82' lang='lat' dir='ltr'>operia</span> <span class='ocrx_word' id='word_1_62' title='bbox 323 1474 390 1538; x_wconf 83' lang='lat' dir='ltr'>tine</span> <span class='ocrx_word' id='word_1_63' title='bbox 418 1482 518 1557; x_wconf 86' lang='lat' dir='ltr'>atque</span> <span class='ocrx_word' id='word_1_64' title='bbox 547 1481 742 1559; x_wconf 77' lang='lat' dir='ltr'>argumento</span> <span class='ocrx_word' id='word_1_65' title='bbox 774 1494 873 1556; x_wconf 89' lang='lat' dir='ltr'>quam</span> <span class='ocrx_word' id='word_1_66' title='bbox 905 1476 1048 1537; x_wconf 82' lang='lat' dir='ltr'>maxime</span> <span class='ocrx_word' id='word_1_67' title='bbox 1083 1474 1323 1538; x_wconf 83' lang='lat' dir='ltr'>confirmantur.</span> 
     </span>
     <span class='ocr_line' id='line_1_10' title="bbox 115 1584 1324 1670; baseline -0.001 -22"><span class='ocrx_word' id='word_1_68' title='bbox 115 1655 119 1660; x_wconf 92' lang='lat'>.</span> <span class='ocrx_word' id='word_1_69' title='bbox 185 1584 270 1648; x_wconf 80' lang='lat' dir='ltr'>Nam</span> <span class='ocrx_word' id='word_1_70' title='bbox 286 1585 376 1648; x_wconf 88' lang='lat' dir='ltr'>nulla</span> <span class='ocrx_word' id='word_1_71' title='bbox 386 1587 551 1670; x_wconf 85' lang='lat' dir='ltr'>posterior</span> <span class='ocrx_word' id='word_1_72' title='bbox 562 1585 709 1648; x_wconf 87' lang='lat' dir='ltr'>haeresis</span> <span class='ocrx_word' id='word_1_73' title='bbox 731 1587 886 1670; x_wconf 82' lang='lat' dir='ltr'>agitatur,</span> <span class='ocrx_word' id='word_1_74' title='bbox 909 1605 1006 1667; x_wconf 89' lang='lat' dir='ltr'>quam</span> <span class='ocrx_word' id='word_1_75' title='bbox 1018 1585 1324 1669; x_wconf 85' lang='lat' dir='ltr'>Menophysitarum</span> 
     </span>
     <span class='ocr_line' id='line_1_11' title="bbox 183 1694 1325 1780; baseline 0.002 -23"><span class='ocrx_word' id='word_1_76' title='bbox 183 1705 285 1778; x_wconf 77' lang='lat' dir='ltr'>atque</span> <span class='ocrx_word' id='word_1_77' title='bbox 307 1695 608 1760; x_wconf 83' lang='lat' dir='ltr'>Monotheliiarum.</span> <span class='ocrx_word' id='word_1_78' title='bbox 640 1695 717 1760; x_wconf 90' lang='lat' dir='ltr'>Huc</span> <span class='ocrx_word' id='word_1_79' title='bbox 738 1694 949 1760; x_wconf 80' lang='lat' dir='ltr'>referendum</span> <span class='ocrx_word' id='word_1_80' title='bbox 972 1703 1023 1759; x_wconf 86' lang='lat' dir='ltr'>est</span> <span class='ocrx_word' id='word_1_81' title='bbox 1045 1695 1203 1776; x_wconf 80' lang='lat' dir='ltr'>scholion,</span> <span class='ocrx_word' id='word_1_82' title='bbox 1226 1697 1325 1780; x_wconf 88' lang='lat' dir='ltr'>capiti</span> 
     </span>
     <span class='ocr_line' id='line_1_12' title="bbox 183 1796 1326 1893; baseline 0.001 -24"><span class='ocrx_word' id='word_1_83' title='bbox 183 1805 322 1890; x_wconf 72' lang='lat' dir='ltr'>Xlll.²)</span> <span class='ocrx_word' id='word_1_84' title='bbox 352 1808 559 1893; x_wconf 81' lang='lat' dir='ltr'>interjectum</span> <span class='ocrx_word' id='word_1_85' title='bbox 591 1807 643 1873; x_wconf 84' lang='lat' dir='ltr'>his</span> <span class='ocrx_word' id='word_1_86' title='bbox 671 1807 797 1871; x_wconf 86' lang='lat' dir='ltr'>verbis:</span> <span class='ocrx_word' id='word_1_87' title='bbox 833 1799 968 1888; x_wconf 62' lang='lat' dir='ltr'>„Oileos</span> <span class='ocrx_word' id='word_1_88' title='bbox 994 1796 1179 1892; x_wconf 72' lang='grc' dir='ltr'><strong><em>ἐρωτήσατε</em></strong></span> <span class='ocrx_word' id='word_1_89' title='bbox 1209 1799 1326 1883; x_wconf 61' lang='lat' dir='ltr'>eucig</span> 
     </span>
     <span class='ocr_line' id='line_1_13' title="bbox 183 1905 1326 2007; baseline 0.001 -26"><span class='ocrx_word' id='word_1_90' title='bbox 183 1912 276 1998; x_wconf 74' lang='grc' dir='ltr'>(τούς</span> <span class='ocrx_word' id='word_1_91' title='bbox 302 1911 502 2003; x_wconf 77' lang='grc' dir='ltr'><strong><em>αἱροτικούς)</em></strong></span> <span class='ocrx_word' id='word_1_92' title='bbox 531 1916 588 1984; x_wconf 80' lang='grc' dir='ltr'>καί</span> <span class='ocrx_word' id='word_1_93' title='bbox 616 1911 730 1998; x_wconf 76' lang='grc' dir='ltr'><strong><em>ὑμεῖς·</em></strong></span> <span class='ocrx_word' id='word_1_94' title='bbox 760 1915 817 1984; x_wconf 80' lang='grc' dir='ltr'>καὶ</span> <span class='ocrx_word' id='word_1_95' title='bbox 847 1911 950 1992; x_wconf 79' lang='grc' dir='ltr'><strong><em>οὕτως</em></strong></span> <span class='ocrx_word' id='word_1_96' title='bbox 979 1905 1177 2004; x_wconf 75' lang='grc' dir='ltr'><strong><em>ἆρμόσαοθε</em></strong></span> <span class='ocrx_word' id='word_1_97' title='bbox 1191 1917 1218 2002; x_wconf 76' lang='lat'>⁸)</span> <span class='ocrx_word' id='word_1_98' title='bbox 1240 1910 1326 2007; x_wconf 75' lang='grc' dir='ltr'><strong><em>πρὸς</em></strong></span> 
     </span>
     <span class='ocr_line' id='line_1_14' title="bbox 185 2019 1326 2117; baseline -0.002 -23"><span class='ocrx_word' id='word_1_99' title='bbox 185 2020 303 2108; x_wconf 69' lang='grc' dir='ltr'><strong><em>αὐτοῦς</em></strong></span> <span class='ocrx_word' id='word_1_100' title='bbox 330 2026 413 2094; x_wconf 82' lang='grc' dir='ltr'>κατὰ</span> <span class='ocrx_word' id='word_1_101' title='bbox 441 2023 497 2094; x_wconf 75' lang='grc' dir='ltr'>τοι</span> <span class='ocrx_word' id='word_1_102' title='bbox 526 2027 742 2117; x_wconf 71' lang='grc' dir='ltr'><strong><em>προκὲίμιιον</em></strong></span> <span class='ocrx_word' id='word_1_103' title='bbox 767 2019 912 2110; x_wconf 78' lang='grc' dir='ltr'><strong><em>σκότιον,</em></strong></span> <span class='ocrx_word' id='word_1_104' title='bbox 943 2022 1021 2107; x_wconf 78' lang='grc' dir='ltr'><strong><em>τοὺς</em></strong></span> <span class='ocrx_word' id='word_1_105' title='bbox 1049 2027 1108 2110; x_wconf 79' lang='grc' dir='ltr'>μὲν</span> <span class='ocrx_word' id='word_1_106' title='bbox 1135 2021 1326 2109; x_wconf 71' lang='grc' dir='ltr'><strong><em>’ίακωβίτας</em></strong></span> 
     </span>
     <span class='ocr_line' id='line_1_15' title="bbox 184 2129 1325 2228; baseline 0 -25"><span class='ocrx_word' id='word_1_107' title='bbox 184 2138 259 2220; x_wconf 75' lang='grc' dir='ltr'><strong><em>περὶ</em></strong></span> <span class='ocrx_word' id='word_1_108' title='bbox 283 2129 426 2228; x_wconf 74' lang='grc' dir='ltr'><strong><em>φύσεως,</em></strong></span> <span class='ocrx_word' id='word_1_109' title='bbox 447 2134 526 2214; x_wconf 78' lang='grc' dir='ltr'><strong><em>τούς</em></strong></span> <span class='ocrx_word' id='word_1_110' title='bbox 549 2131 800 2227; x_wconf 44' lang='grc' dir='ltr'><strong><em>σὲιΑρμασίτας</em></strong></span> <span class='ocrx_word' id='word_1_111' title='bbox 821 2137 901 2226; x_wconf 82' lang='grc' dir='ltr'><strong><em>περί</em></strong></span> <span class='ocrx_word' id='word_1_112' title='bbox 913 2140 1114 2228; x_wconf 58' lang='lat' dir='ltr'>&amp;accipisne</span> <span class='ocrx_word' id='word_1_113' title='bbox 1134 2137 1325 2226; x_wconf 51' lang='grc' dir='ltr'><strong><em>ἕνερίοίαςίῆ</em></strong></span> 
     </span>
     <span class='ocr_line' id='line_1_16' title="bbox 183 2251 1326 2336; baseline 0 -20"><span class='ocrx_word' id='word_1_114' title='bbox 183 2252 394 2317; x_wconf 82' lang='lat' dir='ltr'>Harmasitae</span> <span class='ocrx_word' id='word_1_115' title='bbox 426 2261 537 2317; x_wconf 79' lang='lat' dir='ltr'>autem</span> <span class='ocrx_word' id='word_1_116' title='bbox 565 2252 728 2318; x_wconf 88' lang='lat' dir='ltr'>dicuntur&#39;</span> <span class='ocrx_word' id='word_1_117' title='bbox 749 2254 793 2317; x_wconf 88' lang='lat' dir='ltr'>ab</span> <span class='ocrx_word' id='word_1_118' title='bbox 823 2253 999 2318; x_wconf 78' lang='lat' dir='ltr'>Harmasio</span> <span class='ocrx_word' id='word_1_119' title='bbox 1032 2251 1175 2336; x_wconf 85' lang='lat' dir='ltr'>quodam</span> <span class='ocrx_word' id='word_1_120' title='bbox 1204 2251 1326 2316; x_wconf 89' lang='lat' dir='ltr'>Mono-</span> 
     </span>
     <span class='ocr_line' id='line_1_17' title="bbox 184 2361 1327 2449; baseline -0.001 -22"><span class='ocrx_word' id='word_1_121' title='bbox 184 2363 311 2428; x_wconf 79' lang='lat' dir='ltr'>tlreleia</span> <span class='ocrx_word' id='word_1_122' title='bbox 321 2364 560 2447; x_wconf 82' lang='lat' dir='ltr'>Alexandrino,</span> <span class='ocrx_word' id='word_1_123' title='bbox 584 2367 640 2447; x_wconf 90' lang='lat' dir='ltr'>qui</span> <span class='ocrx_word' id='word_1_124' title='bbox 659 2365 859 2428; x_wconf 81' lang='lat' dir='ltr'>anathemati</span> <span class='ocrx_word' id='word_1_125' title='bbox 880 2363 1052 2449; x_wconf 83' lang='lat' dir='ltr'>subjicitur</span> <span class='ocrx_word' id='word_1_126' title='bbox 1073 2365 1104 2425; x_wconf 88' lang='lat' dir='ltr'>in</span> <span class='ocrx_word' id='word_1_127' title='bbox 1127 2365 1248 2448; x_wconf 85' lang='lat' dir='ltr'>insigni</span> <span class='ocrx_word' id='word_1_128' title='bbox 1269 2361 1327 2426; x_wconf 82' lang='lat' dir='ltr'>illa</span> 
     </span>
     <span class='ocr_line' id='line_1_18' title="bbox 185 2473 1326 2560; baseline 0.001 -21"><span class='ocrx_word' id='word_1_129' title='bbox 185 2476 326 2558; x_wconf 87' lang='lat' dir='ltr'>epistola</span> <span class='ocrx_word' id='word_1_130' title='bbox 348 2475 381 2541; x_wconf 81' lang='lat' dir='ltr'>S.</span> <span class='ocrx_word' id='word_1_131' title='bbox 404 2475 582 2560; x_wconf 86' lang='lat' dir='ltr'>Sophronii</span> <span class='ocrx_word' id='word_1_132' title='bbox 611 2475 902 2558; x_wconf 80' lang='lat' dir='ltr'>Hierosolymitani</span> <span class='ocrx_word' id='word_1_133' title='bbox 928 2475 975 2539; x_wconf 79' lang='lat' dir='ltr'>&#39;ad</span> <span class='ocrx_word' id='word_1_134' title='bbox 998 2474 1150 2560; x_wconf 83' lang='lat' dir='ltr'>Sergium</span> <span class='ocrx_word' id='word_1_135' title='bbox 1173 2473 1239 2540; x_wconf 83' lang='grc' dir='ltr'>ΟΡ.</span> <span class='ocrx_word' id='word_1_136' title='bbox 1262 2475 1326 2540; x_wconf 90' lang='lat' dir='ltr'>hoc</span> 
     </span>
     <span class='ocr_line' id='line_1_19' title="bbox 185 2576 1326 2673; baseline -0.001 -23"><span class='ocrx_word' id='word_1_137' title='bbox 185 2587 339 2671; x_wconf 86' lang='lat' dir='ltr'>exemplo</span> <span class='ocrx_word' id='word_1_138' title='bbox 353 2586 395 2670; x_wconf 83' lang='lat'>⁴):</span> <span class='ocrx_word' id='word_1_139' title='bbox 425 2581 544 2673; x_wconf 68' lang='lat' dir='ltr'>„opor</span> <span class='ocrx_word' id='word_1_140' title='bbox 565 2579 694 2664; x_wconf 74' lang='grc' dir='ltr'><strong><em>τούτοις</em></strong></span> <span class='ocrx_word' id='word_1_141' title='bbox 716 2577 872 2668; x_wconf 77' lang='grc' dir='ltr'><strong><em>σίιίίίίεμα</em></strong></span> <span class='ocrx_word' id='word_1_142' title='bbox 895 2582 1042 2652; x_wconf 77' lang='grc' dir='ltr'><strong><em>ἔστωσαν</em></strong></span> <span class='ocrx_word' id='word_1_143' title='bbox 1064 2584 1120 2650; x_wconf 84' lang='grc' dir='ltr'>καὶ</span> <span class='ocrx_word' id='word_1_144' title='bbox 1149 2576 1326 2669; x_wconf 73' lang='grc' dir='ltr'><strong><em>ιιατοίίίεμα</em></strong></span> 
     </span>
     <span class='ocr_line' id='line_1_20' title="bbox 187 2685 1325 2785; baseline 0.003 -24"><span class='ocrx_word' id='word_1_145' title='bbox 187 2699 300 2784; x_wconf 83' lang='grc' dir='ltr'><strong><em>Κῦρος</em></strong></span> <span class='ocrx_word' id='word_1_146' title='bbox 328 2689 347 2764; x_wconf 84' lang='grc' dir='ltr'>ὁ</span> <span class='ocrx_word' id='word_1_147' title='bbox 374 2699 433 2784; x_wconf 77' lang='grc' dir='ltr'><strong><em>τῆς</em></strong></span> <span class='ocrx_word' id='word_1_148' title='bbox 459 2691 703 2781; x_wconf 73' lang='grc' dir='ltr'>’Ἀλεξανδρέων</span> <span class='ocrx_word' id='word_1_149' title='bbox 730 2694 849 2779; x_wconf 76' lang='grc' dir='ltr'><strong><em>μοιχός</em></strong></span> <span class='ocrx_word' id='word_1_150' title='bbox 877 2685 1122 2778; x_wconf 73' lang='grc' dir='ltr'><strong><em>τίθεσμότατος,</em></strong></span> <span class='ocrx_word' id='word_1_151' title='bbox 1151 2693 1325 2785; x_wconf 83' lang='grc' dir='ltr'><strong><em>Θεόδωρος</em></strong></span> 
     </span>
     <span class='ocr_line' id='line_1_21' title="bbox 184 2798 1325 2896; baseline -0.001 -23"><span class='ocrx_word' id='word_1_152' title='bbox 184 2807 394 2894; x_wconf 76' lang='grc' dir='ltr'><strong><em>Φαραιίτης,</em></strong></span> <span class='ocrx_word' id='word_1_153' title='bbox 423 2807 558 2893; x_wconf 73' lang='grc' dir='ltr'><strong><em>Σέργιος</em></strong></span> <span class='ocrx_word' id='word_1_154' title='bbox 588 2798 986 2884; x_wconf 76' lang='grc' dir='ltr'><strong><em>Κωτσταιτιιοστιόλειος,</em></strong></span> <span class='ocrx_word' id='word_1_155' title='bbox 1015 2800 1162 2896; x_wconf 57' lang='lat' dir='ltr'>‘rivoque</span> <span class='ocrx_word' id='word_1_156' title='bbox 1194 2798 1325 2894; x_wconf 74' lang='grc' dir='ltr'><strong><em>Ῥώμης,</em></strong></span> 
     </span>
     <span class='ocr_line' id='line_1_22' title="bbox 185 2910 1325 3008; baseline 0 -24"><span class='ocrx_word' id='word_1_157' title='bbox 185 2916 217 2984; x_wconf 85' lang='lat' dir='ltr'>oi</span> <span class='ocrx_word' id='word_1_158' title='bbox 244 2919 303 3004; x_wconf 77' lang='grc' dir='ltr'><strong><em>τῆς</em></strong></span> <span class='ocrx_word' id='word_1_159' title='bbox 328 2920 395 2984; x_wconf 77' lang='grc' dir='ltr'>τῶν</span> <span class='ocrx_word' id='word_1_160' title='bbox 424 2920 669 3006; x_wconf 68' lang='grc' dir='ltr'><strong><em>Μοιοθιλητῶν</em></strong></span> <span class='ocrx_word' id='word_1_161' title='bbox 698 2918 859 3006; x_wconf 80' lang='grc' dir='ltr'><strong><em>αίρίσειος</em></strong></span> <span class='ocrx_word' id='word_1_162' title='bbox 888 2913 1022 3007; x_wconf 72' lang='grc' dir='ltr'><strong><em>ἀρχηγοὶ</em></strong></span> <span class='ocrx_word' id='word_1_163' title='bbox 1051 2919 1107 2984; x_wconf 84' lang='grc' dir='ltr'>καὶ</span> <span class='ocrx_word' id='word_1_164' title='bbox 1137 2910 1325 3008; x_wconf 71' lang='grc' dir='ltr'>συνήγοροι.</span> 
     </span>
     <span class='ocr_line' id='line_1_23' title="bbox 185 3019 1326 3120; baseline -0.001 -26"><span class='ocrx_word' id='word_1_165' title='bbox 185 3019 336 3115; x_wconf 73' lang='grc' dir='ltr'><strong><em>Πύρρος,</em></strong></span> <span class='ocrx_word' id='word_1_166' title='bbox 365 3031 518 3108; x_wconf 79' lang='grc' dir='ltr'><em>Παῦλος,</em></span> <span class='ocrx_word' id='word_1_167' title='bbox 546 3031 690 3118; x_wconf 74' lang='grc' dir='ltr'><strong><em>Πέτρος,</em></strong></span> <span class='ocrx_word' id='word_1_168' title='bbox 720 3029 753 3097; x_wconf 83' lang='lat' dir='ltr'>oi</span> <span class='ocrx_word' id='word_1_169' title='bbox 775 3033 835 3117; x_wconf 82' lang='grc' dir='ltr'><strong><em>τῆς</em></strong></span> <span class='ocrx_word' id='word_1_170' title='bbox 862 3029 1040 3113; x_wconf 78' lang='grc' dir='ltr'><strong><em>βασιλίδος</em></strong></span> <span class='ocrx_word' id='word_1_171' title='bbox 1068 3023 1239 3120; x_wconf 70' lang='grc' dir='ltr'><strong><em>πρόεδροι,</em></strong></span> <span class='ocrx_word' id='word_1_172' title='bbox 1269 3031 1326 3114; x_wconf 77' lang='grc' dir='ltr'>τῆν</span> 
     </span>
     <span class='ocr_line' id='line_1_24' title="bbox 185 3133 1323 3231; baseline 0 -23"><span class='ocrx_word' id='word_1_173' title='bbox 185 3133 342 3224; x_wconf 75' lang='grc' dir='ltr'><strong><em>ἆσιβιίας</em></strong></span> <span class='ocrx_word' id='word_1_174' title='bbox 365 3139 401 3207; x_wconf 78' lang='grc' dir='ltr'>δὲ</span> <span class='ocrx_word' id='word_1_175' title='bbox 423 3135 599 3231; x_wconf 56' lang='lat' dir='ltr'>apostolor,</span> <span class='ocrx_word' id='word_1_176' title='bbox 622 3138 749 3220; x_wconf 75' lang='grc' dir='ltr'><strong><em>ἑαυτοῖς</em></strong></span> <span class='ocrx_word' id='word_1_177' title='bbox 771 3141 827 3207; x_wconf 85' lang='grc' dir='ltr'>καί</span> <span class='ocrx_word' id='word_1_178' title='bbox 851 3143 889 3229; x_wconf 77' lang='grc' dir='ltr'>τῇ</span> <span class='ocrx_word' id='word_1_179' title='bbox 912 3139 1059 3228; x_wconf 68' lang='grc' dir='ltr'>ἀληθείᾳ</span> <span class='ocrx_word' id='word_1_180' title='bbox 1081 3135 1323 3224; x_wconf 74' lang='grc' dir='ltr'>μαχεσάμενοι·</span> 
     </span>
     <span class='ocr_line' id='line_1_25' title="bbox 186 3243 1324 3343; baseline 0 -25"><span class='ocrx_word' id='word_1_181' title='bbox 186 3247 363 3343; x_wconf 79' lang='grc' dir='ltr'><strong><em>Μακάριος</em></strong></span> <span class='ocrx_word' id='word_1_182' title='bbox 384 3248 603 3334; x_wconf 77' lang='grc' dir='ltr'><strong><em>Ἀντιοχείας,</em></strong></span> <span class='ocrx_word' id='word_1_183' title='bbox 634 3252 690 3317; x_wconf 84' lang='grc' dir='ltr'>καὶ</span> <span class='ocrx_word' id='word_1_184' title='bbox 713 3259 882 3340; x_wconf 76' lang='grc' dir='ltr'><strong><em>Σιεφαιος</em></strong></span> <span class='ocrx_word' id='word_1_185' title='bbox 902 3244 921 3317; x_wconf 87' lang='grc' dir='ltr'>ὁ</span> <span class='ocrx_word' id='word_1_186' title='bbox 944 3243 1060 3319; x_wconf 78' lang='grc' dir='ltr'><strong><em>τούτου</em></strong></span> <span class='ocrx_word' id='word_1_187' title='bbox 1081 3248 1238 3339; x_wconf 51' lang='lat' dir='ltr'>praemia</span> <span class='ocrx_word' id='word_1_188' title='bbox 1268 3253 1324 3318; x_wconf 81' lang='lat' dir='ltr'>acl</span> 
     </span>
     <span class='ocr_line' id='line_1_26' title="bbox 186 3353 1325 3453; baseline 0.004 -27"><span class='ocrx_word' id='word_1_189' title='bbox 186 3356 351 3438; x_wconf 71' lang='grc' dir='ltr'><strong><em>ἀπονοίας</em></strong></span> <span class='ocrx_word' id='word_1_190' title='bbox 371 3359 589 3443; x_wconf 78' lang='grc' dir='ltr'><strong><em>διδάσκαλος,</em></strong></span> <span class='ocrx_word' id='word_1_191' title='bbox 620 3353 861 3453; x_wconf 80' lang='grc' dir='ltr'><strong><em>Πολυχρόιτος,</em></strong></span> <span class='ocrx_word' id='word_1_192' title='bbox 890 3362 962 3438; x_wconf 80' lang='grc' dir='ltr'><strong><em>νέος</em></strong></span> <span class='ocrx_word' id='word_1_193' title='bbox 982 3362 1095 3447; x_wconf 80' lang='grc' dir='ltr'><strong><em>Σίμων</em></strong></span> <span class='ocrx_word' id='word_1_194' title='bbox 1116 3357 1238 3450; x_wconf 75' lang='grc' dir='ltr'><strong><em>μάγος·</em></strong></span> <span class='ocrx_word' id='word_1_195' title='bbox 1268 3363 1325 3430; x_wconf 81' lang='grc' dir='ltr'>καί</span> 
     </span>
    </p>
   </div>
   <div class='ocr_carea' id='block_1_3' title="bbox 640 3583 1325 3592">
    <p class='ocr_par' dir='ltr' id='par_1_4' title="bbox 640 3583 1325 3592">
     <span class='ocr_line' id='line_1_27' title="bbox 640 3583 1325 3592; baseline -0.001 -2"><span class='ocrx_word' id='word_1_196' title='bbox 640 3585 711 3590; x_wconf 71' lang='grc'><em>--.-</em></span> <span class='ocrx_word' id='word_1_197' title='bbox 741 3585 756 3589; x_wconf 77' lang='lat'><em>-</em></span> <span class='ocrx_word' id='word_1_198' title='bbox 769 3584 991 3592; x_wconf 61' lang='lat'>-----›----.-.--·---·</span> <span class='ocrx_word' id='word_1_199' title='bbox 1016 3585 1077 3591; x_wconf 54' lang='lat' dir='ltr'>...q-</span> <span class='ocrx_word' id='word_1_200' title='bbox 1101 3583 1239 3590; x_wconf 68' lang='lat'>-...----..—-</span> <span class='ocrx_word' id='word_1_201' title='bbox 1250 3583 1325 3590; x_wconf 55' lang='lat' dir='ltr'>...u-.-</span> 
     </span>
    </p>
   </div>
   <div class='ocr_carea' id='block_1_4' title="bbox 186 3749 1327 4570">
    <p class='ocr_par' dir='ltr' id='par_1_5' title="bbox 186 3749 1327 4193">
     <span class='ocr_line' id='line_1_28' title="bbox 187 3749 1325 3818; baseline 0.002 -19"><span class='ocrx_word' id='word_1_202' title='bbox 187 3749 375 3815; x_wconf 84' lang='lat' dir='ltr'>ethnjamin‚</span> <span class='ocrx_word' id='word_1_203' title='bbox 394 3751 568 3802; x_wconf 82' lang='lat' dir='ltr'>fundamento</span> <span class='ocrx_word' id='word_1_204' title='bbox 587 3756 670 3817; x_wconf 84' lang='lat' dir='ltr'>caret,</span> <span class='ocrx_word' id='word_1_205' title='bbox 689 3755 716 3801; x_wconf 88' lang='lat' dir='ltr'>et</span> <span class='ocrx_word' id='word_1_206' title='bbox 730 3752 850 3802; x_wconf 75' lang='lat' dir='ltr'>loannes</span> <span class='ocrx_word' id='word_1_207' title='bbox 870 3755 930 3818; x_wconf 83' lang='lat' dir='ltr'>iste,</span> <span class='ocrx_word' id='word_1_208' title='bbox 946 3767 1026 3817; x_wconf 80' lang='lat' dir='ltr'>quem</span> <span class='ocrx_word' id='word_1_209' title='bbox 1038 3750 1199 3802; x_wconf 86' lang='lat' dir='ltr'>Anastasius</span> <span class='ocrx_word' id='word_1_210' title='bbox 1214 3751 1325 3816; x_wconf 84' lang='lat' dir='ltr'>allegat,</span> 
     </span>
     <span class='ocr_line' id='line_1_29' title="bbox 186 3844 1326 3910; baseline -0.002 -14"><span class='ocrx_word' id='word_1_211' title='bbox 186 3849 279 3910; x_wconf 80' lang='lat' dir='ltr'>potius</span> <span class='ocrx_word' id='word_1_212' title='bbox 305 3845 377 3896; x_wconf 86' lang='lat' dir='ltr'>idern</span> <span class='ocrx_word' id='word_1_213' title='bbox 404 3848 464 3910; x_wconf 88' lang='lat' dir='ltr'>lpse</span> <span class='ocrx_word' id='word_1_214' title='bbox 491 3850 548 3910; x_wconf 86' lang='lat' dir='ltr'>est,</span> <span class='ocrx_word' id='word_1_215' title='bbox 578 3859 658 3910; x_wconf 88' lang='lat' dir='ltr'>quem</span> <span class='ocrx_word' id='word_1_216' title='bbox 676 3845 833 3909; x_wconf 84' lang='lat' dir='ltr'>Lequienus</span> <span class='ocrx_word' id='word_1_217' title='bbox 860 3845 927 3897; x_wconf 88' lang='lat' dir='ltr'>dicit</span> <span class='ocrx_word' id='word_1_218' title='bbox 957 3847 1090 3898; x_wconf 83' lang='lat' dir='ltr'>Joannem</span> <span class='ocrx_word' id='word_1_219' title='bbox 1117 3844 1326 3910; x_wconf 72' lang='lat' dir='ltr'>Semnudaeum²</span> 
     </span>
     <span class='ocr_line' id='line_1_30' title="bbox 186 3939 1327 4010; baseline 0.001 -21"><span class='ocrx_word' id='word_1_220' title='bbox 186 3952 321 4004; x_wconf 87' lang='lat' dir='ltr'>quemque</span> <span class='ocrx_word' id='word_1_221' title='bbox 340 3956 364 3991; x_wconf 87' lang='lat' dir='ltr'>a.</span> <span class='ocrx_word' id='word_1_222' title='bbox 384 3942 435 3991; x_wconf 85' lang='grc'>686</span> <span class='ocrx_word' id='word_1_223' title='bbox 453 3945 590 3990; x_wconf 83' lang='lat' dir='ltr'>mortuam</span> <span class='ocrx_word' id='word_1_224' title='bbox 606 3954 668 3991; x_wconf 85' lang='lat' dir='ltr'>ease</span> <span class='ocrx_word' id='word_1_225' title='bbox 685 3941 779 3990; x_wconf 81' lang='lat' dir='ltr'>refert.</span> <span class='ocrx_word' id='word_1_226' title='bbox 798 3941 829 4006; x_wconf 89' lang='lat' dir='ltr'>(l.</span> <span class='ocrx_word' id='word_1_227' title='bbox 847 3957 870 3991; x_wconf 89' lang='lat' dir='ltr'>c.</span> <span class='ocrx_word' id='word_1_228' title='bbox 890 3941 942 3990; x_wconf 90' lang='lat' dir='ltr'>col.</span> <span class='ocrx_word' id='word_1_229' title='bbox 960 3939 1119 4005; x_wconf 73' lang='lat' dir='ltr'>cci-lca).</span> <span class='ocrx_word' id='word_1_230' title='bbox 1156 3939 1227 3991; x_wconf 87' lang='lat' dir='ltr'>Hinc</span> <span class='ocrx_word' id='word_1_231' title='bbox 1245 3941 1327 4010; x_wconf 53' lang='lat' dir='ltr'>etum</span> 
     </span>
     <span class='ocr_line' id='line_1_31' title="bbox 186 4010 1327 4098; baseline 0.001 -13"><span class='ocrx_word' id='word_1_232' title='bbox 186 4033 365 4085; x_wconf 82' lang='lat' dir='ltr'>Renaudotus</span> <span class='ocrx_word' id='word_1_233' title='bbox 381 4034 514 4085; x_wconf 82' lang='lat' dir='ltr'>Joannem</span> <span class='ocrx_word' id='word_1_234' title='bbox 532 4035 609 4084; x_wconf 83' lang='lat' dir='ltr'>illurn</span> <span class='ocrx_word' id='word_1_235' title='bbox 619 4033 752 4098; x_wconf 84' lang='lat' dir='ltr'>Lequieni</span> <span class='ocrx_word' id='word_1_236' title='bbox 769 4037 841 4085; x_wconf 81' lang='lat' dir='ltr'>inter</span> <span class='ocrx_word' id='word_1_237' title='bbox 850 4034 1035 4086; x_wconf 86' lang='lat' dir='ltr'>Andronicum</span> <span class='ocrx_word' id='word_1_238' title='bbox 1055 4032 1235 4096; x_wconf 79' lang='lat' dir='ltr'>etBeniamin</span> <span class='ocrx_word' id='word_1_239' title='bbox 1251 4010 1327 4086; x_wconf 66' lang='lat' dir='ltr'>recte</span> 
     </span>
     <span class='ocr_line' id='line_1_32' title="bbox 186 4132 377 4193; baseline -0.005 -15"><span class='ocrx_word' id='word_1_240' title='bbox 186 4132 377 4193; x_wconf 78' lang='lat' dir='ltr'>praetermisit.</span> 
     </span>
    </p>

    <p class='ocr_par' dir='ltr' id='par_1_6' title="bbox 258 4223 958 4289">
     <span class='ocr_line' id='line_1_33' title="bbox 258 4223 958 4289; baseline -0.001 -16"><span class='ocrx_word' id='word_1_241' title='bbox 258 4223 280 4289; x_wconf 91' lang='lat'>¹)</span> <span class='ocrx_word' id='word_1_242' title='bbox 298 4238 360 4288; x_wconf 81' lang='lat' dir='ltr'>pag.</span> <span class='ocrx_word' id='word_1_243' title='bbox 381 4224 422 4274; x_wconf 79' lang='lat'>18.</span> <span class='ocrx_word' id='word_1_244' title='bbox 785 4223 808 4289; x_wconf 84' lang='lat'>²)</span> <span class='ocrx_word' id='word_1_245' title='bbox 828 4223 879 4274; x_wconf 90' lang='lat' dir='ltr'>col.</span> <span class='ocrx_word' id='word_1_246' title='bbox 899 4223 958 4273; x_wconf 74' lang='lat'>224.</span> 
     </span>
    </p>

    <p class='ocr_par' dir='ltr' id='par_1_7' title="bbox 257 4312 1205 4389">
     <span class='ocr_line' id='line_1_34' title="bbox 257 4312 1205 4389; baseline -0.003 -20"><span class='ocrx_word' id='word_1_247' title='bbox 257 4317 280 4383; x_wconf 86' lang='lat'>⁸)</span> <span class='ocrx_word' id='word_1_248' title='bbox 300 4317 346 4369; x_wconf 82' lang='lat' dir='ltr'>Sic</span> <span class='ocrx_word' id='word_1_249' title='bbox 362 4319 425 4381; x_wconf 79' lang='lat' dir='ltr'>lego</span> <span class='ocrx_word' id='word_1_250' title='bbox 442 4332 493 4382; x_wconf 87' lang='lat' dir='ltr'>pro</span> <span class='ocrx_word' id='word_1_251' title='bbox 511 4312 676 4389; x_wconf 66' lang='grc' dir='ltr'><strong><em>ἁρμόσασθαι.</em></strong></span> <span class='ocrx_word' id='word_1_252' title='bbox 710 4318 838 4369; x_wconf 82' lang='lat' dir='ltr'>Forsitan</span> <span class='ocrx_word' id='word_1_253' title='bbox 857 4317 955 4368; x_wconf 84' lang='lat' dir='ltr'>alludit</span> <span class='ocrx_word' id='word_1_254' title='bbox 972 4317 1007 4368; x_wconf 84' lang='lat' dir='ltr'>ad</span> <span class='ocrx_word' id='word_1_255' title='bbox 1026 4318 1205 4369; x_wconf 83' lang='lat' dir='ltr'>Harmasitas.</span> 
     </span>
    </p>

    <p class='ocr_par' dir='ltr' id='par_1_8' title="bbox 188 4411 1327 4570">
     <span class='ocr_line' id='line_1_35' title="bbox 256 4411 1327 4477; baseline 0 -15"><span class='ocrx_word' id='word_1_256' title='bbox 256 4411 279 4477; x_wconf 85' lang='lat'>⁴)</span> <span class='ocrx_word' id='word_1_257' title='bbox 297 4411 360 4463; x_wconf 81' lang='lat' dir='ltr'>vid.</span> <span class='ocrx_word' id='word_1_258' title='bbox 378 4411 460 4462; x_wconf 83' lang='lat' dir='ltr'>Mich.</span> <span class='ocrx_word' id='word_1_259' title='bbox 471 4411 602 4476; x_wconf 85' lang='lat' dir='ltr'>Lequien.</span> <span class='ocrx_word' id='word_1_260' title='bbox 622 4411 657 4461; x_wconf 83' lang='lat' dir='ltr'>ad</span> <span class='ocrx_word' id='word_1_261' title='bbox 674 4412 755 4462; x_wconf 78' lang='lat' dir='ltr'>Joan.</span> <span class='ocrx_word' id='word_1_262' title='bbox 773 4412 936 4462; x_wconf 83' lang='lat' dir='ltr'>Damascen.</span> <span class='ocrx_word' id='word_1_263' title='bbox 955 4415 1011 4463; x_wconf 85' lang='lat' dir='ltr'>tom</span> <span class='ocrx_word' id='word_1_264' title='bbox 1029 4412 1050 4466; x_wconf 85' lang='lat' dir='ltr'>I.</span> <span class='ocrx_word' id='word_1_265' title='bbox 1067 4425 1095 4476; x_wconf 85' lang='lat' dir='ltr'>p.</span> <span class='ocrx_word' id='word_1_266' title='bbox 1109 4413 1161 4463; x_wconf 71' lang='lat'>528</span> <span class='ocrx_word' id='word_1_267' title='bbox 1180 4415 1207 4461; x_wconf 89' lang='lat' dir='ltr'>in</span> <span class='ocrx_word' id='word_1_268' title='bbox 1225 4411 1327 4463; x_wconf 84' lang='lat' dir='ltr'>Patrol.</span> 
     </span>
     <span class='ocr_line' id='line_1_36' title="bbox 188 4503 919 4570; baseline 0 -14"><span class='ocrx_word' id='word_1_269' title='bbox 188 4503 285 4556; x_wconf 82' lang='lat' dir='ltr'>Graec.</span> <span class='ocrx_word' id='word_1_270' title='bbox 303 4511 368 4555; x_wconf 86' lang='lat' dir='ltr'>tom.</span> <span class='ocrx_word' id='word_1_271' title='bbox 387 4505 421 4557; x_wconf 81' lang='lat' dir='ltr'>eo</span> <span class='ocrx_word' id='word_1_272' title='bbox 438 4503 510 4556; x_wconf 76' lang='lat' dir='ltr'>Edit.</span> <span class='ocrx_word' id='word_1_273' title='bbox 529 4506 613 4570; x_wconf 78' lang='lat' dir='ltr'>Mign.</span> <span class='ocrx_word' id='word_1_274' title='bbox 632 4506 684 4556; x_wconf 88' lang='lat' dir='ltr'>ool.</span> <span class='ocrx_word' id='word_1_275' title='bbox 705 4507 754 4556; x_wconf 75' lang='lat'>127</span> <span class='ocrx_word' id='word_1_276' title='bbox 773 4511 802 4556; x_wconf 84' lang='lat' dir='ltr'>et</span> <span class='ocrx_word' id='word_1_277' title='bbox 820 4507 878 4557; x_wconf 83' lang='lat'>128.</span> <span class='ocrx_word' id='word_1_278' title='bbox 917 4551 919 4556; x_wconf 81' lang='grc'>,</span> 
     </span>
    </p>
   </div>
   <div class='ocr_carea' id='block_1_5' title="bbox 0 0 1621 5217">
    <p class='ocr_par' dir='ltr' id='par_1_9' title="bbox 0 0 1621 5217">
     <span class='ocr_line' id='line_1_37' title="bbox 0 0 1621 5217; baseline 0 0"><span class='ocrx_word' id='word_1_279' title='bbox 0 0 1621 5217; x_wconf 95' lang='lat' dir='ltr'> </span> 
     </span>
    </p>
   </div>
  </div>
 </body>
</html>
