3225 5217
1292 481 1329 543 71

187 649 292 736 telligi
314 659 483 735 oportere,
513 649 568 716 ubi
597 653 694 715 unica
715 671 790 716 esse
814 653 962 735 operatio
985 650 1159 715 diceretur.
1204 649 1333 716 Deinde

187 763 296 847 Cyrus
318 783 407 848 papa
427 762 663 829 Alexandriam
686 765 841 845 mittitur,
865 765 920 846 qui
944 766 1070 848 etipse
1093 766 1220 828 inanem
1243 763 1331 828 illam

188 883 221 940 ei
243 892 330 957 aqua
351 877 484 938 tinctum
508 895 569 959 per
591 874 803 939 Theodorum
825 875 1035 940 Pharanitem
1060 878 1230 958 unionem,
1261 878 1332 940 sive

187 988 297 1070 potius
325 986 536 1050 abolitionem
563 986 663 1065 fecit,
691 995 791 1068 utque
821 989 948 1050 unicam
980 989 1102 1071 stipsi
1131 989 1334 1078 scripserunt

187 1099 220 1160 in
249 1096 381 1162 Christo
412 1097 596 1160 naturalem
634 1099 866 1181 operationem.
911 1097 973 1161 His
1010 1100 1108 1181 igitur
1136 1097 1332 1163 Antioohiae

188 1217 288 1293 atque
302 1208 526 1272 Alexandriae
542 1209 626 1271 hano
641 1211 837 1273 sententium
853 1181 1067 1292 sequentihus
1081 1211 1114 1292 ¹),
1137 1212 1169 1272 in
1181 1230 1332 1294 magnam

187 1321 300 1384 incidit
323 1319 602 1386 Chalcedonensis
631 1320 779 1404 synodus
811 1329 844 1384 et
872 1319 1033 1409 catholica
1054 1319 1207 1385 Ecclesia
1235 1323 1332 1406 igno-

187 1435 327 1495 miniam.
370 1431 489 1496 Jacobi
517 1453 658 1515 namque
688 1439 871 1496 sectatores
897 1434 934 1494 -in
961 1431 1058 1515 Syria
1088 1441 1122 1496 et
1152 1432 1332 1498 Theodosii

188 1541 340 1628 discipuli
354 1543 579 1614 Alexandriae
596 1547 629 1606 in
649 1547 753 1628 ipsius
774 1543 920 1608 dedecus
943 1543 1167 1628 gloriabantur
1191 1547 1330 1608 aientem

82 1637 86 1644 ¹
186 1655 264 1720 Nou
285 1677 345 1720 nos
368 1654 588 1735 Clralcedoui,
619 1655 679 1720 sed
702 1653 892 1744 Chalcedon
920 1656 1030 1738 potius
1059 1655 1228 1718 nobiscum
1251 1675 1332 1719 con·

186 1771 294 1849 venit,
317 1786 402 1850 quae
422 1766 579 1831 videlicet
601 1767 644 1830 ob
668 1769 793 1830 unicam
815 1764 937 1830 Christi
958 1768 1180 1850 operationem
1205 1769 1331 1831 unicam

187 1899 319 1962 quoque
341 1887 489 1943 naturam
512 1880 583 1964 ejus
605 1879 758 1942 contessa
781 1886 841 1942 est.

273 1991 336 2055 His
357 1989 477 2055 auditis
498 1990 673 2054 Heraclius
699 1989 831 2054 erubuit
854 2011 962 2074 neque
984 1999 1093 2055 tamen
1116 2011 1201 2074 quae
1224 1994 1331 2056 animo

181 2089 406 2188 'proposuerat
422 2102 597 2187 repudiare
615 2101 721 2166 uoluit
737 2121 844 2185 neque
859 2103 956 2166 etiam
974 2101 1202 2166 contumelium
1218 2103 1332 2168 feren-

187 2215 262 2292 dam
286 2235 360 2279 esse
384 2217 594 2278 existimavit.
638 2213 757 2296 Itaque
778 2213 882 2277 veluti
905 2231 1058 2298 magnum
1075 2213 1331 2297 aliquidieccrc

188 2328 423 2410 excogitasset,
445 2325 526 2388 illud
549 2325 638 2408 quod
661 2324 803 2388 edictum
825 2333 1032 2409 nuncupatur
1053 2324 1243 2409 publicavit,
1266 2345 1331 2408 quo

188 2437 430 2518 continebatur,
463 2457 571 2520 neque
596 2437 727 2500 *unicam
757 2436 934 2520 deincepS,
966 2456 1075 2519 neque
1105 2435 1269 2520 duplicem
1299 2439 1332 2500 in
1406 2434 1410 2442 '

188 2547 321 2613 Christo
343 2549 395 2612 fas
417 2548 490 2612 fore
513 2532 662 2612 confiteri
692 2549 925 2631 operationem.
971 2545 1068 2626 Quod
1099 2568 1172 2612 cum
1202 2546 1246 2613 ad
1268 2545 1332 2612 Se·
1394 2604 1397 2613 ,

189 2662 258 2724 veri
280 2668 478 2724 sectatorum
500 2661 647 2722 notitiam
669 2661 889 2743 pervenisset,
913 2679 973 2743 per
992 2679 1158 2744 cauponas
1178 2663 1330 2724 contiuuo

186 2780 287 2854 atque
317 2793 378 2855 per
398 2771 517 2835 balnea
539 2769 734 2836 catholicam
755 2771 867 2834 sannis
890 2770 1036 2834 lacerare
1059 2780 1238 2855 coeperunt
1261 2770 1330 2851 ch

186 2884 334 2964 olesiam,
358 2883 518 2948 dicentes:
553 2882 629 2946 Non
654 2884 710 2946 ita·
722 2882 850 2966 pridem
874 2881 1161 2946 Chalcedonenses
1184 2881 1329 2946 Nestorii

186 2995 363 3079 discipulos
376 2994 420 3058 ad
431 2993 643 3061 sobrietatem
658 2993 797 3059 rediisse
815 3002 915 3076 atque
932 2995 1120 3076 veritatem,
1140 2994 1330 3080 conjunctos

186 3106 248 3169 sihi
270 3108 303 3168 in
324 3107 420 3170 unius
442 3103 567 3170 Christi
588 3113 724 3170 naturae
747 3105 832 3185 fide,
861 3105 903 3170 ob
931 3108 1058 3168 unicam
1088 3109 1330 3191 operationem

186 3237 271 3280 nunc
282 3236 465 3300 veroquae
482 3224 573 3282 recte
590 3219 740 3282 instituta
755 3217 899 3280 fuissent
917 3217 1182 3298 condemnantes,
1205 3223 1343 3306 utrum-¹¹

186 3349 251 3412 que
289 3329 478 3409 sustulisse,
516 3348 616 3412 quum
653 3347 762 3412 neque
798 3330 928 3393 unicam
963 3349 1072 3412 neque
1104 3327 1267 3412 duplicem
1296 3329 1330 3390 in

187 3438 321 3506 Christo
342 3440 584 3504 confiterentur.
1311 3505 1313 3508 ,

272 3550 366 3614 Haec
392 3571 474 3614 vcro
501 3550 639 3616 audiens
669 3546 999 3634 animodvertensque
1022 3550 1244 3615 Romanorum
1267 3570 1329 3615 au-

186 3666 296 3746 tistes,
319 3683 391 3727 cum
408 3665 538 3728 minime
555 3662 661 3765 ferret
676 3662 761 3727 adeo
778 3656 986 3747 impudenter
1002 3660 1164 3726 dedecore
1178 3661 1329 3726 affectam

187 3904 928 3913 ffl-*mfflm-
932 3905 1012 3912 -.au-—
1016 3904 1325 3912 -ο--ρ-..ιφο-η--ι-ι-ο--ι

256 4091 278 4158 ¹)
296 4092 398 4142 Lucem
414 4091 563 4143 inGraecis
579 4092 718 4144 desidero:
737 4090 832 4144 τούτων
851 4090 880 4168 δὴ
899 4090 986 4144 λοιπὸν
1005 4087 1072 4144 οὕτω
1092 4091 1154 4144 κατὰ
1172 4091 1324 4145 τῶνἈντιο-

102 4205 107 4216 ’
186 4184 253 4256 χέων
272 4183 313 4237 καὶ
331 4183 517 4258 Ἀλεξανδρέων
536 4185 818 4260 παρακολοοθησάντων
836 4207 859 4237 κ.
873 4185 924 4237 ολ.
950 4188 1019 4253 Legi
1035 4185 1098 4239 κατὰ
1115 4184 1159 4262 τὴν
1178 4185 1327 4259 Ἀντιοχέων

188 4275 229 4330 καὶ
239 4269 320 4338 'hist
339 4295 377 4330 sc.
396 4277 467 4332 nilo
477 4285 536 4333 sive
546 4278 685 4355 ἐκκλησίαν.
704 4284 739 4332 cf.
759 4282 811 4334 col.
822 4283 873 4333 937
882 4282 922 4346 B,
941 4282 989 4332 ubi
1002 4281 1100 4333 dicitur
1112 4281 1324 4348 olympiodorus

186 4368 199 4424 ὁ
223 4370 269 4449 τὴν
285 4370 471 4447 ’Λλιξανδρέων
497 4373 676 4448 receperim.
711 4377 839 4428 Forsitan
865 4381 956 4428 autem
981 4379 1078 4428 melius
1102 4377 1248 4443 legendum
1274 4381 1322 4428 sit:

185 4465 301 4526 τούτοις.
315 4505 362 4520 ...
381 4465 422 4521 καὶ
439 4480 489 4522 τῶν
506 4469 571 4522 'hun
590 4467 632 4522 καὶ
649 4469 702 4523 Ἀλ.
721 4489 781 4544 παρ.
800 4469 851 4523 κτλ.
872 4474 930 4522 sive
948 4473 1003 4522 tale
1023 4471 1177 4538 quidquam.
1255 4501 1258 4508 ·
