3225 5217
1266 522 1329 590 143

186 695 321 760 fratrem
351 699 443 762 tuum
472 717 538 762 non
566 695 713 784 digneris
733 699 842 762 venie.
885 692 932 760 m
963 687 1042 766 tuno
1072 699 1209 766 veniens
1244 695 1329 762 offer

185 817 432 902 monestrum,
462 809 646 894 dignusque
670 809 826 876 efficieris
847 811 1083 876 oommuniono
1125 808 1245 895 Abjiee
1267 809 1329 874 ebs
1359 890 1361 894 v

186 927 220 984 et
241 939 354 986 omnes
376 920 520 986 melitius
543 919 670 1003 sordes,
693 929 728 988 et
749 929 828 988 tune
845 921 1008 1002 accedito,
1030 920 1328 1005 emundantemque

186 1031 360 1098 carbonem
381 1032 473 1098 illum
496 1035 676 1117 εἰιιεοίρὶὓοιι
697 1033 729 1116 “)ι

271 1143 402 1210 Deinde
424 1147 613 1210 memorium
634 1145 823 1229 injuriarum
838 1151 988 1212 tenneem
1006 1146 1112 1231 majus
1126 1167 1202 1213 esse
1220 1149 1328 1213 omni·

185 1255 247 1320 bus
268 1257 414 1340 peeeetis
437 1255 615 1322 ostendeus
637 1256 722 1322 haec
743 1254 892 1322 disserite

184 1425 187 1434 r
273 1364 398 1445 „Omne
422 1369 526 1448 enim,
555 1369 678 1450 inquit,
706 1376 878 1452 peecatum
907 1372 1030 1456 exiguo
1052 1379 1203 1456 tempore
1223 1371 1328 1456 perii-

184 1480 283 1559 eitur,
307 1487 340 1542 et
361 1477 488 1562 ubsque
511 1499 602 1544 mors
623 1488 851 1564 perpetratum
873 1482 1158 1566 exemptionum,
1181 1483 1332 1548 fornices

183 1597 237 1655 tur
259 1593 350 1672 quis:
374 1599 408 1658 et
430 1599 508 1675 post
529 1591 711 1676 flagitium,
732 1594 863 1677 peceati
883 1593 1108 1678 magnitudine
1128 1597 1164 1658 in
1185 1598 1327 1660 animum

184 1711 359 1784 revocate,
390 1703 519 1793 oulpem
550 1705 710 1788 agnoseit
761 1702 810 1768 At
834 1706 971 1790 irrogati
998 1706 1077 1770 moli
1097 1708 1254 1772 memorie
1273 1686 1327 1770 in-

184 1801 371 1879 desinenter
399 1815 461 1880 sub
490 1823 627 1900 pectore
656 1816 766 1882 fervet
793 1824 828 1882 et
855 1816 975 1903 gliscit
1024 1817 1156 1884 Etenim
1185 1822 1243 1902 qni
1262 1819 1327 1884 hoe

183 1926 307 1992 affeetu
328 1924 518 2009 distinetur,
549 1929 578 1994 ie
599 1929 814 2011 irrequietum
834 1935 871 1994 et
890 1937 1086 2014 perpetuum
1104 1951 1166 1995 sno
1180 1928 1327 1994 ineorde

183 2059 346 2106 venenum
368 2040 576 2122 meantem,
610 2042 682 2106 sive
712 2061 756 2106 ex
784 2039 872 2106 leeto
896 2050 1054 2128 exurget,
1086 2045 1159 2106 sive
1181 2041 1326 2106 eubitum

185 2159 253 2233 eet,
284 2153 357 2218 sive
379 2160 468 2234 oret,
500 2154 572 2218 sive
606 2154 670 2218 iter
696 2152 815 2218 faeiat:
845 2160 883 2217 nt
908 2152 1047 2238 preinde
1072 2153 1136 2217 heo
1156 2160 1252 2238 peste
1273 2156 1327 2218 in-

185 2263 311 2345 fectus,
333 2284 394 2328 nee
416 2266 524 2349 gretia
546 2263 657 2328 divine
678 2267 841 2348 potietur,
862 2285 925 2330 neo
946 2264 1140 2330 delictorum
1157 2268 1326 2331 remissio-

182 2395 257 2438 nem
290 2383 520 2458 oonsequutur.
572 2375 658 2440 Nom
687 2375 745 2440 nbi
772 2377 962 2461 injuriarum
990 2374 1176 2442 recordatio
1198 2374 1327 2441 rodiees

184 2488 267 2570 egit,
285 2485 367 2562 ‚illie
389 2486 470 2549 nihil
491 2487 647 2576 prodest,
681 2508 745 2551 non
764 2488 941 2572 jejunium,
973 2509 1040 2553 non
1061 2487 1228 2572 luoymee,
1260 2508 1327 2553 nom

182 2596 367 2679 confessio,
402 2619 467 2663 non
489 2601 654 2683 precatio,
691 2620 757 2664 non
779 2602 966 2686 virginium,
999 2622 1066 2664 non
1098 2601 1325 2684 eleemosyna,

181 2729 246 2772 non
268 2707 357 2774 eliud
379 2709 568 2794 quidpiem3
599 2713 707 2777 omnin
735 2713 823 2776 enim
843 2711 985 2798 dissipet
1005 2719 1041 2778 et
1062 2712 1215 2778 dissolvit
1237 2713 1326 2798 iuju-

183 2821 303 2884 riarum
325 2820 510 2886 recordatio
534 2843 614 2908 erge
635 2802 792 2888 fratrem“
807 2821 843 2909 ²).

267 2931 351 2996 Tum
373 2932 542 2998 auditores
562 2943 685 3016 monet,
708 2955 751 3000 ne
773 2955 972 3018 quemquem
994 2933 1154 3019 judicent,
1179 2939 1328 3002 maxime

180 3063 277 3124 vero,
297 3063 339 3110 ne
362 3044 567 3110 sacerdotem
581 3044 616 3130 ³).
660 3045 813 3130 Denique
834 3049 868 3110 in
889 3045 956 3112 fine
977 3046 1081 3112 refert
1100 3048 1186 3113 hene
1208 3068 1326 3112 norru-

181 3155 358 3222 tiunenlem
372 3155 415 3239 ⁴):
1076 3150 1085 3164 ’

267 3267 471 3349 „Moneehue
495 3266 644 3352 quidem,
670 3271 735 3350 nit,
758 3290 833 3334 eum
854 3272 956 3335 vitem
978 3291 1104 3335 summe
1125 3271 1326 3356 negligentia

181 3386 214 3444 et
237 3377 364 3444 desidie
383 3382 571 3466 exegisset,
602 3383 634 3442 in
665 3379 820 3445 lethalem
841 3381 991 3446 morbum
1019 3381 1153 3465 incidit3
1183 3404 1325 3466 eumque

179 3489 222 3554 ed
238 3499 422 3558 extremum
434 3513 538 3576 usqne
551 3494 700 3576 spiritum
719 3496 948 3577 prooessisset,
963 3503 1101 3560 mortem
1116 3515 1324 3578 nequequam

180 3602 367 3683 exhorruit3
396 3602 458 3668 sed
479 3623 605 3668 summe
632 3625 708 3668 eum
730 3606 909 3688 gratiarum
931 3608 1061 3670 notione
1089 3613 1126 3670 et
1153 3605 1324 3672 oloeritote

180 3735 223 3788 ex
247 3733 385 3799 corpore
409 3714 603 3804 exeedebet.
646 3714 787 3794 Quidem
815 3718 983 3801 igiturex
1005 3720 1227 3782 assistentium
1250 3719 1325 3783 Deo

180 3828 418 3900 carissimorum
452 3835 582 3912 petrum
614 3848 749 3892 numero
790 3830 1008 3914 interrogovit
1040 3828 1147 3894 illum:
1194 3830 1324 3912 Frater,

178 3937 307 4023 ajebat,
339 3937 438 4002 erede
460 3959 538 4020 nos,
568 3947 667 4023 prout
688 3937 902 4022 videbamus,
930 3943 1138 4007 existimasse
1167 3949 1201 4007 te
1223 3945 1324 4006 vitem

178 4057 268 4112 tuem
289 4051 323 4112 in
344 4049 547 4135 negligentia
570 4058 603 4114 et
625 4049 777 4114 soeordie
799 4049 1007 4135 traduxisse3
1037 4052 1124 4117 unde
1155 4073 1234 4136 ergo
1265 4053 1324 4117 tibi

179 4167 305 4224 tantum
327 4144 513 4226 securitntis
536 4161 598 4226 hae
620 4140 702 4226 horo
723 4165 903 4226 accesserit
920 4165 1116 4247 ignoremus.
1160 4164 1216 4228 Ad
1238 4185 1324 4258 qnae
1376 4176 1380 4191 '

255 4523 276 4590 ¹)
296 4525 347 4576 ool.
365 4525 417 4576 840
435 4529 463 4576 et
480 4527 540 4577 841.
611 4524 633 4592 ²)
652 4526 704 4576 eol.
724 4527 783 4578 844.
854 4527 878 4594 ⁸)
897 4529 948 4581 eol.
967 4531 1027 4582 848.
1098 4529 1122 4596 ⁴)
1141 4530 1193 4581 ool.
1211 4530 1271 4582 850.
