<?xml version="1.0" encoding="UTF-8"?>
<!DOCTYPE html PUBLIC "-//W3C//DTD XHTML 1.0 Transitional//EN"
    "http://www.w3.org/TR/xhtml1/DTD/xhtml1-transitional.dtd">
<html xmlns="http://www.w3.org/1999/xhtml" xml:lang="en" lang="en">
 <head>
  <title>
</title>
<meta http-equiv="Content-Type" content="text/html;charset=utf-8" />
  <meta name='ocr-system' content='tesseract 3.04.00' />
  <meta name='ocr-capabilities' content='ocr_page ocr_carea ocr_par ocr_line ocrx_word'/>
</head>
<body>
  <div class='ocr_page' id='page_1' title='image "./deanastasiosina00kumpgoog_0050.png"; bbox 0 0 3225 5217; ppageno 0'>
   <div class='ocr_carea' id='block_1_1' title="bbox 285 441 340 551">
    <p class='ocr_par' dir='ltr' id='par_1_1' title="bbox 285 441 340 551">
     <span class='ocr_line' id='line_1_1' title="bbox 285 441 340 551; baseline 0.036 -2"><span class='ocrx_word' id='word_1_1' title='bbox 285 441 340 551; x_wconf 58' lang='lat' dir='ltr'>&#39;rs</span> 
     </span>
    </p>
   </div>
   <div class='ocr_carea' id='block_1_2' title="bbox 294 644 1437 1643">
    <p class='ocr_par' dir='ltr' id='par_1_2' title="bbox 294 644 1437 1643">
     <span class='ocr_line' id='line_1_2' title="bbox 299 644 1436 748; baseline 0.005 -27"><span class='ocrx_word' id='word_1_2' title='bbox 299 648 335 740; x_wconf 63' lang='lat' dir='ltr'>l}</span> <span class='ocrx_word' id='word_1_3' title='bbox 344 680 405 744; x_wconf 91' lang='lat' dir='ltr'>pro</span> <span class='ocrx_word' id='word_1_4' title='bbox 421 644 447 725; x_wconf 71' lang='grc' dir='ltr'>ε’</span> <span class='ocrx_word' id='word_1_5' title='bbox 457 670 605 748; x_wconf 72' lang='lat' dir='ltr'>apparet.</span> <span class='ocrx_word' id='word_1_6' title='bbox 623 662 833 745; x_wconf 82' lang='lat' dir='ltr'>uisi-dixeris,</span> <span class='ocrx_word' id='word_1_7' title='bbox 851 670 909 729; x_wconf 88' lang='lat' dir='ltr'>aut</span> <span class='ocrx_word' id='word_1_8' title='bbox 919 672 1020 748; x_wconf 81' lang='lat' dir='ltr'>caput</span> <span class='ocrx_word' id='word_1_9' title='bbox 1030 683 1105 729; x_wconf 85' lang='lat' dir='ltr'>esse</span> <span class='ocrx_word' id='word_1_10' title='bbox 1119 663 1153 727; x_wconf 90' lang='lat' dir='ltr'>in</span> <span class='ocrx_word' id='word_1_11' title='bbox 1163 662 1229 729; x_wconf 86' lang='lat' dir='ltr'>line</span> <span class='ocrx_word' id='word_1_12' title='bbox 1241 662 1390 728; x_wconf 88' lang='lat' dir='ltr'>mutilum</span> <span class='ocrx_word' id='word_1_13' title='bbox 1402 663 1436 744; x_wconf 79' lang='lat'>¹),</span> 
     </span>
     <span class='ocr_line' id='line_1_3' title="bbox 298 774 1436 858; baseline 0.004 -21"><span class='ocrx_word' id='word_1_14' title='bbox 298 779 355 837; x_wconf 86' lang='lat' dir='ltr'>aut</span> <span class='ocrx_word' id='word_1_15' title='bbox 365 782 531 840; x_wconf 82' lang='lat' dir='ltr'>auctorem</span> <span class='ocrx_word' id='word_1_16' title='bbox 549 776 719 858; x_wconf 78' lang='lat' dir='ltr'>scripsisse</span> <span class='ocrx_word' id='word_1_17' title='bbox 733 774 819 839; x_wconf 89' lang='lat' dir='ltr'>huuc</span> <span class='ocrx_word' id='word_1_18' title='bbox 828 783 1003 839; x_wconf 87' lang='lat' dir='ltr'>tractatum</span> <span class='ocrx_word' id='word_1_19' title='bbox 1024 774 1163 839; x_wconf 89' lang='lat' dir='ltr'>concilio</span> <span class='ocrx_word' id='word_1_20' title='bbox 1184 774 1316 858; x_wconf 91' lang='lat' dir='ltr'>quidem</span> <span class='ocrx_word' id='word_1_21' title='bbox 1338 785 1436 843; x_wconf 83' lang='lat' dir='ltr'>sexto</span> 
     </span>
     <span class='ocr_line' id='line_1_4' title="bbox 294 882 1437 972; baseline 0.005 -25"><span class='ocrx_word' id='word_1_22' title='bbox 294 882 362 965; x_wconf 85' lang='lat' dir='ltr'>jam</span> <span class='ocrx_word' id='word_1_23' title='bbox 384 894 537 968; x_wconf 84' lang='lat' dir='ltr'>peract0‚</span> <span class='ocrx_word' id='word_1_24' title='bbox 560 886 620 953; x_wconf 91' lang='lat' dir='ltr'>sed</span> <span class='ocrx_word' id='word_1_25' title='bbox 642 887 704 951; x_wconf 82' lang='lat' dir='ltr'>sibi</span> <span class='ocrx_word' id='word_1_26' title='bbox 725 886 868 951; x_wconf 90' lang='lat' dir='ltr'>nondum</span> <span class='ocrx_word' id='word_1_27' title='bbox 891 886 988 971; x_wconf 89' lang='lat' dir='ltr'>plane</span> <span class='ocrx_word' id='word_1_28' title='bbox 1011 889 1160 971; x_wconf 86' lang='lat' dir='ltr'>cognito,</span> <span class='ocrx_word' id='word_1_29' title='bbox 1186 896 1245 951; x_wconf 90' lang='lat' dir='ltr'>aut</span> <span class='ocrx_word' id='word_1_30' title='bbox 1265 890 1437 972; x_wconf 75' lang='lat' dir='ltr'><strong>scripsisse</strong></span> 
     </span>
     <span class='ocr_line' id='line_1_5' title="bbox 297 996 1437 1083; baseline 0.003 -23"><span class='ocrx_word' id='word_1_31' title='bbox 297 996 429 1078; x_wconf 86' lang='lat' dir='ltr'>quidem</span> <span class='ocrx_word' id='word_1_32' title='bbox 456 999 525 1083; x_wconf 84' lang='lat' dir='ltr'>jam</span> <span class='ocrx_word' id='word_1_33' title='bbox 554 1008 630 1063; x_wconf 89' lang='lat' dir='ltr'>ante</span> <span class='ocrx_word' id='word_1_34' title='bbox 660 998 833 1064; x_wconf 87' lang='lat' dir='ltr'>concilium</span> <span class='ocrx_word' id='word_1_35' title='bbox 863 1007 994 1063; x_wconf 81' lang='lat' dir='ltr'>sextum</span> <span class='ocrx_word' id='word_1_36' title='bbox 1026 999 1199 1083; x_wconf 85' lang='lat' dir='ltr'>generale,</span> <span class='ocrx_word' id='word_1_37' title='bbox 1231 1000 1293 1063; x_wconf 88' lang='lat' dir='ltr'>sed</span> <span class='ocrx_word' id='word_1_38' title='bbox 1319 1009 1437 1083; x_wconf 85' lang='lat' dir='ltr'>postea</span> 
     </span>
     <span class='ocr_line' id='line_1_6' title="bbox 299 1109 1436 1195; baseline 0.004 -22"><span class='ocrx_word' id='word_1_39' title='bbox 299 1128 372 1173; x_wconf 85' lang='lat' dir='ltr'>eum</span> <span class='ocrx_word' id='word_1_40' title='bbox 401 1131 461 1176; x_wconf 91' lang='lat' dir='ltr'>suo</span> <span class='ocrx_word' id='word_1_41' title='bbox 483 1109 626 1195; x_wconf 89' lang='lat' dir='ltr'>Hodego</span> <span class='ocrx_word' id='word_1_42' title='bbox 653 1112 831 1177; x_wconf 85' lang='lat' dir='ltr'>inseruisse</span> <span class='ocrx_word' id='word_1_43' title='bbox 851 1112 1054 1174; x_wconf 85' lang='lat' dir='ltr'>immutatum</span> <span class='ocrx_word' id='word_1_44' title='bbox 1077 1121 1221 1195; x_wconf 86' lang='lat' dir='ltr'>excepto</span> <span class='ocrx_word' id='word_1_45' title='bbox 1242 1113 1325 1193; x_wconf 83' lang='lat' dir='ltr'>solo,</span> <span class='ocrx_word' id='word_1_46' title='bbox 1347 1112 1436 1195; x_wconf 90' lang='lat' dir='ltr'>quod</span> 
     </span>
     <span class='ocr_line' id='line_1_7' title="bbox 298 1220 1436 1307; baseline 0.002 -22"><span class='ocrx_word' id='word_1_47' title='bbox 298 1220 479 1287; x_wconf 85' lang='lat' dir='ltr'>studiosum</span> <span class='ocrx_word' id='word_1_48' title='bbox 501 1221 657 1287; x_wconf 89' lang='lat' dir='ltr'>lectorem</span> <span class='ocrx_word' id='word_1_49' title='bbox 669 1230 818 1285; x_wconf 88' lang='lat' dir='ltr'>moneret</span> <span class='ocrx_word' id='word_1_50' title='bbox 839 1231 1045 1306; x_wconf 86' lang='lat' dir='ltr'>peractorum</span> <span class='ocrx_word' id='word_1_51' title='bbox 1062 1225 1131 1307; x_wconf 86' lang='lat' dir='ltr'>jam</span> <span class='ocrx_word' id='word_1_52' title='bbox 1146 1244 1207 1287; x_wconf 84' lang='lat' dir='ltr'>sex</span> <span class='ocrx_word' id='word_1_53' title='bbox 1226 1225 1436 1289; x_wconf 88' lang='lat' dir='ltr'>conciliorum</span> 
     </span>
     <span class='ocr_line' id='line_1_8' title="bbox 298 1324 1437 1417; baseline 0 -20"><span class='ocrx_word' id='word_1_54' title='bbox 298 1334 506 1417; x_wconf 76' lang='lat' dir='ltr'>generalium.</span> <span class='ocrx_word' id='word_1_55' title='bbox 537 1334 713 1416; x_wconf 81' lang='lat' dir='ltr'>Utcunque</span> <span class='ocrx_word' id='word_1_56' title='bbox 727 1341 786 1415; x_wconf 88' lang='lat' dir='ltr'>est,</span> <span class='ocrx_word' id='word_1_57' title='bbox 799 1324 1437 1417; x_wconf 64' lang='lat' dir='ltr'>sivei&#39;51egendum,sivce&#39;‚certebecc</span> 
     </span>
     <span class='ocr_line' id='line_1_9' title="bbox 298 1442 1436 1533; baseline 0.004 -26"><span class='ocrx_word' id='word_1_58' title='bbox 298 1442 364 1509; x_wconf 89' lang='lat' dir='ltr'>duo</span> <span class='ocrx_word' id='word_1_59' title='bbox 386 1448 505 1531; x_wconf 83' lang='lat' dir='ltr'>capita,</span> <span class='ocrx_word' id='word_1_60' title='bbox 529 1446 586 1511; x_wconf 95' lang='lat' dir='ltr'>IV.</span> <span class='ocrx_word' id='word_1_61' title='bbox 603 1457 637 1513; x_wconf 86' lang='lat' dir='ltr'>et</span> <span class='ocrx_word' id='word_1_62' title='bbox 649 1447 690 1512; x_wconf 90' lang='lat' dir='ltr'>V.</span> <span class='ocrx_word' id='word_1_63' title='bbox 712 1449 878 1532; x_wconf 85' lang='lat' dir='ltr'>pertinent</span> <span class='ocrx_word' id='word_1_64' title='bbox 900 1446 943 1511; x_wconf 93' lang='lat' dir='ltr'>ad</span> <span class='ocrx_word' id='word_1_65' title='bbox 965 1469 1016 1529; x_wconf 84' lang='lat' dir='ltr'>ea,</span> <span class='ocrx_word' id='word_1_66' title='bbox 1038 1450 1180 1531; x_wconf 90' lang='lat' dir='ltr'>quaein</span> <span class='ocrx_word' id='word_1_67' title='bbox 1201 1450 1436 1533; x_wconf 86' lang='lat' dir='ltr'>progymnasia</span> 
     </span>
     <span class='ocr_line' id='line_1_10' title="bbox 296 1539 1435 1643; baseline 0 -20"><span class='ocrx_word' id='word_1_68' title='bbox 296 1560 506 1641; x_wconf 87' lang='lat' dir='ltr'>requiruntur</span> <span class='ocrx_word' id='word_1_69' title='bbox 528 1560 589 1629; x_wconf 90' lang='lat' dir='ltr'>sub</span> <span class='ocrx_word' id='word_1_70' title='bbox 612 1580 697 1623; x_wconf 89' lang='lat' dir='ltr'>num.</span> <span class='ocrx_word' id='word_1_71' title='bbox 709 1562 738 1623; x_wconf 83' lang='lat'>8.</span> <span class='ocrx_word' id='word_1_72' title='bbox 750 1558 786 1641; x_wconf 49' lang='grc' dir='ltr'>ιἱ).</span> <span class='ocrx_word' id='word_1_73' title='bbox 820 1558 986 1623; x_wconf 85' lang='lat' dir='ltr'>Jamvero</span> <span class='ocrx_word' id='word_1_74' title='bbox 1003 1579 1076 1621; x_wconf 90' lang='lat' dir='ltr'>cum</span> <span class='ocrx_word' id='word_1_75' title='bbox 1098 1560 1150 1623; x_wconf 92' lang='lat' dir='ltr'>his</span> <span class='ocrx_word' id='word_1_76' title='bbox 1168 1539 1313 1642; x_wconf 85' lang='lat' dir='ltr'>quinque</span> <span class='ocrx_word' id='word_1_77' title='bbox 1334 1578 1435 1643; x_wconf 86' lang='lat' dir='ltr'>prae-</span> 
     </span>
    </p>
   </div>
   <div class='ocr_carea' id='block_1_3' title="bbox 198 1669 1436 1757">
    <p class='ocr_par' dir='ltr' id='par_1_3' title="bbox 198 1669 1436 1757">
     <span class='ocr_line' id='line_1_11' title="bbox 198 1669 1436 1757; baseline 0.002 -24"><span class='ocrx_word' id='word_1_78' title='bbox 198 1746 205 1757; x_wconf 19' lang='grc' dir='ltr'><strong>κ</strong></span> <span class='ocrx_word' id='word_1_79' title='bbox 297 1669 488 1735; x_wconf 71' lang='lat' dir='ltr'>cedentibus</span> <span class='ocrx_word' id='word_1_80' title='bbox 512 1670 674 1754; x_wconf 77' lang='lat' dir='ltr'>capitibus</span> <span class='ocrx_word' id='word_1_81' title='bbox 696 1673 799 1754; x_wconf 86' lang='lat' dir='ltr'>magis</span> <span class='ocrx_word' id='word_1_82' title='bbox 822 1690 862 1733; x_wconf 85' lang='lat' dir='ltr'>ea</span> <span class='ocrx_word' id='word_1_83' title='bbox 884 1672 1000 1753; x_wconf 73' lang='lat' dir='ltr'>egerit,</span> <span class='ocrx_word' id='word_1_84' title='bbox 1023 1690 1108 1753; x_wconf 85' lang='lat' dir='ltr'>quae</span> <span class='ocrx_word' id='word_1_85' title='bbox 1130 1669 1173 1733; x_wconf 93' lang='lat' dir='ltr'>ad</span> <span class='ocrx_word' id='word_1_86' title='bbox 1196 1691 1309 1735; x_wconf 88' lang='lat' dir='ltr'>omnes</span> <span class='ocrx_word' id='word_1_87' title='bbox 1330 1670 1436 1735; x_wconf 86' lang='lat' dir='ltr'>indie·</span> 
     </span>
    </p>
   </div>
   <div class='ocr_carea' id='block_1_4' title="bbox 209 1780 1436 2761">
    <p class='ocr_par' dir='ltr' id='par_1_4' title="bbox 285 1780 1435 2200">
     <span class='ocr_line' id='line_1_12' title="bbox 298 1780 1435 1866; baseline 0.001 -22"><span class='ocrx_word' id='word_1_88' title='bbox 298 1784 488 1845; x_wconf 85' lang='lat' dir='ltr'>criminatim</span> <span class='ocrx_word' id='word_1_89' title='bbox 511 1782 696 1847; x_wconf 86' lang='lat' dir='ltr'>haereticos</span> <span class='ocrx_word' id='word_1_90' title='bbox 719 1790 871 1865; x_wconf 88' lang='lat' dir='ltr'>spectare</span> <span class='ocrx_word' id='word_1_91' title='bbox 892 1780 1083 1863; x_wconf 81' lang='lat' dir='ltr'>videantur,</span> <span class='ocrx_word' id='word_1_92' title='bbox 1105 1781 1320 1864; x_wconf 88' lang='lat' dir='ltr'>sequentibus</span> <span class='ocrx_word' id='word_1_93' title='bbox 1342 1784 1435 1866; x_wconf 87' lang='lat' dir='ltr'>capi-</span> 
     </span>
     <span class='ocr_line' id='line_1_13' title="bbox 296 1892 1434 1978; baseline -0.002 -19"><span class='ocrx_word' id='word_1_94' title='bbox 296 1892 388 1961; x_wconf 87' lang='lat' dir='ltr'>tibus</span> <span class='ocrx_word' id='word_1_95' title='bbox 406 1914 426 1955; x_wconf 88' lang='lat' dir='ltr'>a</span> <span class='ocrx_word' id='word_1_96' title='bbox 446 1902 545 1959; x_wconf 82' lang='lat' dir='ltr'>sexto</span> <span class='ocrx_word' id='word_1_97' title='bbox 568 1914 674 1976; x_wconf 90' lang='lat' dir='ltr'>nsque</span> <span class='ocrx_word' id='word_1_98' title='bbox 702 1892 745 1957; x_wconf 89' lang='lat' dir='ltr'>ad</span> <span class='ocrx_word' id='word_1_99' title='bbox 766 1895 959 1978; x_wconf 87' lang='lat' dir='ltr'>vigesimum</span> <span class='ocrx_word' id='word_1_100' title='bbox 982 1902 1132 1976; x_wconf 89' lang='lat' dir='ltr'>quartum</span> <span class='ocrx_word' id='word_1_101' title='bbox 1161 1893 1263 1977; x_wconf 90' lang='lat' dir='ltr'>idque</span> <span class='ocrx_word' id='word_1_102' title='bbox 1288 1894 1434 1957; x_wconf 89' lang='lat' dir='ltr'>ultimum</span> 
     </span>
     <span class='ocr_line' id='line_1_14' title="bbox 285 2002 1435 2090; baseline -0.003 -19"><span class='ocrx_word' id='word_1_103' title='bbox 285 2002 494 2071; x_wconf 81' lang='lat' dir='ltr'>‚Severianus</span> <span class='ocrx_word' id='word_1_104' title='bbox 520 2007 611 2089; x_wconf 86' lang='lat' dir='ltr'>ipsos</span> <span class='ocrx_word' id='word_1_105' title='bbox 627 2004 821 2089; x_wconf 80' lang='lat' dir='ltr'>aggreditur</span> <span class='ocrx_word' id='word_1_106' title='bbox 842 2012 1058 2087; x_wconf 86' lang='lat' dir='ltr'>caeterosque</span> <span class='ocrx_word' id='word_1_107' title='bbox 1081 2004 1116 2067; x_wconf 92' lang='lat' dir='ltr'>id</span> <span class='ocrx_word' id='word_1_108' title='bbox 1137 2008 1294 2090; x_wconf 84' lang='lat' dir='ltr'>temporis</span> <span class='ocrx_word' id='word_1_109' title='bbox 1316 2004 1435 2069; x_wconf 89' lang='lat' dir='ltr'>haere-</span> 
     </span>
     <span class='ocr_line' id='line_1_15' title="bbox 296 2115 1128 2200; baseline -0.001 -20"><span class='ocrx_word' id='word_1_110' title='bbox 296 2120 389 2182; x_wconf 85' lang='lat' dir='ltr'>ticos.</span> <span class='ocrx_word' id='word_1_111' title='bbox 433 2118 485 2183; x_wconf 89' lang='lat' dir='ltr'>De</span> <span class='ocrx_word' id='word_1_112' title='bbox 508 2117 627 2200; x_wconf 85' lang='lat' dir='ltr'>quibus</span> <span class='ocrx_word' id='word_1_113' title='bbox 650 2119 698 2181; x_wconf 88' lang='lat' dir='ltr'>sic</span> <span class='ocrx_word' id='word_1_114' title='bbox 720 2117 824 2181; x_wconf 82' lang='lat' dir='ltr'>refert</span> <span class='ocrx_word' id='word_1_115' title='bbox 846 2136 917 2199; x_wconf 85' lang='lat' dir='ltr'>cap.</span> <span class='ocrx_word' id='word_1_116' title='bbox 938 2115 1073 2183; x_wconf 89' lang='lat' dir='ltr'>XXIII.</span> <span class='ocrx_word' id='word_1_117' title='bbox 1086 2116 1128 2198; x_wconf 73' lang='grc'>3);</span> 
     </span>
    </p>

    <p class='ocr_par' dir='ltr' id='par_1_5' title="bbox 209 2214 1436 2761">
     <span class='ocr_line' id='line_1_16' title="bbox 384 2214 1436 2313; baseline -0.001 -19"><span class='ocrx_word' id='word_1_118' title='bbox 384 2227 591 2313; x_wconf 82' lang='lat' dir='ltr'>„Gajanitae‚</span> <span class='ocrx_word' id='word_1_119' title='bbox 615 2226 812 2294; x_wconf 85' lang='lat' dir='ltr'>Julienistae</span> <span class='ocrx_word' id='word_1_120' title='bbox 831 2214 868 2291; x_wconf 56' lang='lat' dir='ltr'>⁴et</span> <span class='ocrx_word' id='word_1_121' title='bbox 888 2226 1092 2312; x_wconf 81' lang='lat' dir='ltr'>Negranitae</span> <span class='ocrx_word' id='word_1_122' title='bbox 1113 2250 1209 2291; x_wconf 88' lang='lat' dir='ltr'>unam</span> <span class='ocrx_word' id='word_1_123' title='bbox 1231 2227 1436 2311; x_wconf 87' lang='lat' dir='ltr'>eandemque</span> 
     </span>
     <span class='ocr_line' id='line_1_17' title="bbox 209 2334 1435 2422; baseline -0.004 -16"><span class='ocrx_word' id='word_1_124' title='bbox 209 2334 211 2338; x_wconf 37' lang='lat'>⁸</span> <span class='ocrx_word' id='word_1_125' title='bbox 298 2340 395 2407; x_wconf 79' lang='lat' dir='ltr'>tidem</span> <span class='ocrx_word' id='word_1_126' title='bbox 419 2340 559 2422; x_wconf 86' lang='lat' dir='ltr'>babent,</span> <span class='ocrx_word' id='word_1_127' title='bbox 590 2346 626 2403; x_wconf 87' lang='lat' dir='ltr'>ut</span> <span class='ocrx_word' id='word_1_128' title='bbox 648 2347 681 2403; x_wconf 88' lang='lat' dir='ltr'>et</span> <span class='ocrx_word' id='word_1_129' title='bbox 703 2338 875 2404; x_wconf 83' lang='lat' dir='ltr'>Severiani</span> <span class='ocrx_word' id='word_1_130' title='bbox 903 2349 937 2403; x_wconf 87' lang='lat' dir='ltr'>et</span> <span class='ocrx_word' id='word_1_131' title='bbox 958 2339 1132 2406; x_wconf 83' lang='lat' dir='ltr'>dacobitae</span> <span class='ocrx_word' id='word_1_132' title='bbox 1154 2348 1190 2404; x_wconf 90' lang='lat' dir='ltr'>et</span> <span class='ocrx_word' id='word_1_133' title='bbox 1211 2338 1435 2405; x_wconf 84' lang='lat' dir='ltr'>Theodosiani</span> 
     </span>
     <span class='ocr_line' id='line_1_18' title="bbox 299 2450 1434 2536; baseline -0.001 -21"><span class='ocrx_word' id='word_1_134' title='bbox 299 2452 571 2535; x_wconf 78' lang='lat' dir='ltr'>et·.Dioscoritae.</span> <span class='ocrx_word' id='word_1_135' title='bbox 615 2450 683 2518; x_wconf 87' lang='lat' dir='ltr'>Sed</span> <span class='ocrx_word' id='word_1_136' title='bbox 704 2454 774 2534; x_wconf 85' lang='lat' dir='ltr'>isti,</span> <span class='ocrx_word' id='word_1_137' title='bbox 798 2450 985 2532; x_wconf 83' lang='lat' dir='ltr'>Severiani,</span> <span class='ocrx_word' id='word_1_138' title='bbox 1013 2454 1162 2536; x_wconf 83' lang='lat' dir='ltr'>inquam,</span> <span class='ocrx_word' id='word_1_139' title='bbox 1194 2460 1228 2517; x_wconf 85' lang='lat' dir='ltr'>et</span> <span class='ocrx_word' id='word_1_140' title='bbox 1249 2451 1434 2532; x_wconf 85' lang='lat' dir='ltr'>Jacobitae,</span> 
     </span>
     <span class='ocr_line' id='line_1_19' title="bbox 297 2562 1435 2646; baseline 0 -19"><span class='ocrx_word' id='word_1_141' title='bbox 297 2563 375 2628; x_wconf 88' lang='lat' dir='ltr'>licet</span> <span class='ocrx_word' id='word_1_142' title='bbox 388 2564 531 2629; x_wconf 85' lang='lat' dir='ltr'>maxime</span> <span class='ocrx_word' id='word_1_143' title='bbox 544 2584 641 2633; x_wconf 85' lang='lat' dir='ltr'>unam</span> <span class='ocrx_word' id='word_1_144' title='bbox 653 2565 686 2626; x_wconf 87' lang='lat' dir='ltr'>in</span> <span class='ocrx_word' id='word_1_145' title='bbox 699 2562 831 2627; x_wconf 85' lang='lat' dir='ltr'>Christo</span> <span class='ocrx_word' id='word_1_146' title='bbox 842 2572 990 2628; x_wconf 87' lang='lat' dir='ltr'>naturam</span> <span class='ocrx_word' id='word_1_147' title='bbox 1005 2567 1213 2646; x_wconf 77' lang='lat' dir='ltr'>constituant,</span> <span class='ocrx_word' id='word_1_148' title='bbox 1227 2563 1435 2627; x_wconf 87' lang='lat' dir='ltr'>nihilominus</span> 
     </span>
     <span class='ocr_line' id='line_1_20' title="bbox 297 2673 1435 2761; baseline 0 -20"><span class='ocrx_word' id='word_1_149' title='bbox 297 2673 378 2741; x_wconf 88' lang='lat' dir='ltr'>duas</span> <span class='ocrx_word' id='word_1_150' title='bbox 407 2676 440 2740; x_wconf 90' lang='lat' dir='ltr'>iu</span> <span class='ocrx_word' id='word_1_151' title='bbox 470 2676 542 2760; x_wconf 92' lang='lat' dir='ltr'>ipso</span> <span class='ocrx_word' id='word_1_152' title='bbox 573 2678 792 2761; x_wconf 82' lang='lat' dir='ltr'>proprietates</span> <span class='ocrx_word' id='word_1_153' title='bbox 821 2676 1034 2754; x_wconf 84' lang='lat' dir='ltr'>confitentur,</span> <span class='ocrx_word' id='word_1_154' title='bbox 1067 2675 1211 2740; x_wconf 87' lang='lat' dir='ltr'>divinam</span> <span class='ocrx_word' id='word_1_155' title='bbox 1243 2677 1370 2741; x_wconf 85' lang='lat' dir='ltr'>scilicet</span> <span class='ocrx_word' id='word_1_156' title='bbox 1402 2685 1435 2741; x_wconf 85' lang='lat' dir='ltr'>et</span> 
     </span>
    </p>
   </div>
   <div class='ocr_carea' id='block_1_5' title="bbox 295 2785 1526 2873">
    <p class='ocr_par' dir='ltr' id='par_1_6' title="bbox 295 2785 1526 2873">
     <span class='ocr_line' id='line_1_21' title="bbox 295 2785 1526 2873; baseline -0.003 -20"><span class='ocrx_word' id='word_1_157' title='bbox 295 2786 477 2854; x_wconf 87' lang='lat' dir='ltr'>humanam.</span> <span class='ocrx_word' id='word_1_158' title='bbox 521 2787 651 2854; x_wconf 89' lang='lat' dir='ltr'>Docent</span> <span class='ocrx_word' id='word_1_159' title='bbox 679 2790 813 2872; x_wconf 89' lang='lat' dir='ltr'>insuper</span> <span class='ocrx_word' id='word_1_160' title='bbox 841 2807 961 2870; x_wconf 90' lang='lat' dir='ltr'>corpus</span> <span class='ocrx_word' id='word_1_161' title='bbox 990 2785 1114 2853; x_wconf 84' lang='lat' dir='ltr'>Cluisti</span> <span class='ocrx_word' id='word_1_162' title='bbox 1140 2788 1246 2853; x_wconf 87' lang='lat' dir='ltr'>fuisse</span> <span class='ocrx_word' id='word_1_163' title='bbox 1277 2788 1434 2873; x_wconf 84' lang='lat' dir='ltr'>passibile</span> <span class='ocrx_word' id='word_1_164' title='bbox 1521 2842 1526 2849; x_wconf 85' lang='grc'><strong><em>,</em></strong></span> 
     </span>
    </p>
   </div>
   <div class='ocr_carea' id='block_1_6' title="bbox 293 2897 1463 4101">
    <p class='ocr_par' dir='ltr' id='par_1_7' title="bbox 294 2897 1434 3319">
     <span class='ocr_line' id='line_1_22' title="bbox 294 2897 1434 2984; baseline -0.002 -21"><span class='ocrx_word' id='word_1_165' title='bbox 294 2905 371 2963; x_wconf 83' lang='lat' dir='ltr'>ante</span> <span class='ocrx_word' id='word_1_166' title='bbox 392 2900 587 2982; x_wconf 79' lang='lat' dir='ltr'>passionem.</span> <span class='ocrx_word' id='word_1_167' title='bbox 621 2898 667 2963; x_wconf 89' lang='lat' dir='ltr'>At</span> <span class='ocrx_word' id='word_1_168' title='bbox 690 2897 864 2983; x_wconf 83' lang='lat' dir='ltr'>Gajanitae</span> <span class='ocrx_word' id='word_1_169' title='bbox 887 2901 1047 2981; x_wconf 82' lang='lat' dir='ltr'>sentiunt,</span> <span class='ocrx_word' id='word_1_170' title='bbox 1069 2920 1189 2984; x_wconf 89' lang='lat' dir='ltr'>corpus</span> <span class='ocrx_word' id='word_1_171' title='bbox 1213 2898 1336 2965; x_wconf 85' lang='lat' dir='ltr'>Christi</span> <span class='ocrx_word' id='word_1_172' title='bbox 1357 2921 1434 2965; x_wconf 88' lang='lat' dir='ltr'>cor-</span> 
     </span>
     <span class='ocr_line' id='line_1_23' title="bbox 294 3009 1434 3097; baseline -0.001 -24"><span class='ocrx_word' id='word_1_173' title='bbox 294 3011 456 3095; x_wconf 86' lang='lat' dir='ltr'>ruptionis</span> <span class='ocrx_word' id='word_1_174' title='bbox 488 3029 610 3095; x_wconf 82' lang='lat' dir='ltr'>expers</span> <span class='ocrx_word' id='word_1_175' title='bbox 642 3018 676 3073; x_wconf 88' lang='lat' dir='ltr'>ct</span> <span class='ocrx_word' id='word_1_176' title='bbox 709 3009 963 3097; x_wconf 51' lang='lat' dir='ltr'>divinurfflesse</span> <span class='ocrx_word' id='word_1_177' title='bbox 995 3010 1037 3074; x_wconf 87' lang='lat' dir='ltr'>ab</span> <span class='ocrx_word' id='word_1_178' title='bbox 1073 3014 1146 3095; x_wconf 90' lang='lat' dir='ltr'>ipso</span> <span class='ocrx_word' id='word_1_179' title='bbox 1176 3012 1311 3083; x_wconf 67' lang='lat' dir='ltr'>anicula,</span> <span class='ocrx_word' id='word_1_180' title='bbox 1330 3012 1434 3091; x_wconf 81' lang='lat' dir='ltr'>initio,</span> 
     </span>
     <span class='ocr_line' id='line_1_24' title="bbox 295 3120 1434 3205; baseline -0.003 -18"><span class='ocrx_word' id='word_1_181' title='bbox 295 3142 459 3205; x_wconf 84' lang='lat' dir='ltr'>unamque</span> <span class='ocrx_word' id='word_1_182' title='bbox 482 3120 654 3188; x_wconf 82' lang='lat' dir='ltr'>dumtaxat</span> <span class='ocrx_word' id='word_1_183' title='bbox 674 3124 927 3205; x_wconf 83' lang='lat' dir='ltr'>proprietatem,</span> <span class='ocrx_word' id='word_1_184' title='bbox 960 3123 1110 3185; x_wconf 88' lang='lat' dir='ltr'>nimirum</span> <span class='ocrx_word' id='word_1_185' title='bbox 1140 3120 1284 3185; x_wconf 85' lang='lat' dir='ltr'>divinam</span> <span class='ocrx_word' id='word_1_186' title='bbox 1314 3130 1349 3189; x_wconf 87' lang='lat' dir='ltr'>et</span> <span class='ocrx_word' id='word_1_187' title='bbox 1370 3124 1434 3185; x_wconf 89' lang='lat' dir='ltr'>im-</span> 
     </span>
     <span class='ocr_line' id='line_1_25' title="bbox 294 3224 795 3319; baseline -0.014 -15"><span class='ocrx_word' id='word_1_188' title='bbox 294 3233 483 3319; x_wconf 75' lang='lat' dir='ltr'>passibilem</span> <span class='ocrx_word' id='word_1_189' title='bbox 496 3224 539 3297; x_wconf 86' lang='lat' dir='ltr'>¹in</span> <span class='ocrx_word' id='word_1_190' title='bbox 562 3254 601 3299; x_wconf 88' lang='lat' dir='ltr'>eo</span> <span class='ocrx_word' id='word_1_191' title='bbox 615 3236 795 3317; x_wconf 72' lang='lat' dir='ltr'>’reperiri‘t</span> 
     </span>
    </p>

    <p class='ocr_par' dir='ltr' id='par_1_8' title="bbox 293 3322 1463 4101">
     <span class='ocr_line' id='line_1_26' title="bbox 381 3322 1434 3435; baseline -0.009 -19"><span class='ocrx_word' id='word_1_192' title='bbox 381 3345 522 3416; x_wconf 86' lang='lat' dir='ltr'>Causam</span> <span class='ocrx_word' id='word_1_193' title='bbox 544 3322 654 3435; x_wconf 78' lang='lat' dir='ltr'>autem</span> <span class='ocrx_word' id='word_1_194' title='bbox 673 3366 730 3409; x_wconf 89' lang='lat' dir='ltr'>cur</span> <span class='ocrx_word' id='word_1_195' title='bbox 742 3344 886 3411; x_wconf 84' lang='lat' dir='ltr'>Severus</span> <span class='ocrx_word' id='word_1_196' title='bbox 903 3353 936 3409; x_wconf 86' lang='lat' dir='ltr'>et</span> <span class='ocrx_word' id='word_1_197' title='bbox 947 3344 1093 3430; x_wconf 83' lang='lat' dir='ltr'>Gajanus</span> <span class='ocrx_word' id='word_1_198' title='bbox 1106 3343 1327 3427; x_wconf 76' lang='lat' dir='ltr'>discesserint,</span> <span class='ocrx_word' id='word_1_199' title='bbox 1350 3345 1434 3409; x_wconf 86' lang='lat' dir='ltr'>hanc</span> 
     </span>
     <span class='ocr_line' id='line_1_27' title="bbox 294 3454 1463 3547; baseline -0.002 -26"><span class='ocrx_word' id='word_1_200' title='bbox 294 3465 405 3523; x_wconf 83' lang='lat' dir='ltr'>narrat</span> <span class='ocrx_word' id='word_1_201' title='bbox 434 3456 560 3523; x_wconf 87' lang='lat' dir='ltr'>scholio</span> <span class='ocrx_word' id='word_1_202' title='bbox 590 3456 801 3541; x_wconf 86' lang='lat' dir='ltr'>praecedenti</span> <span class='ocrx_word' id='word_1_203' title='bbox 816 3455 859 3539; x_wconf 79' lang='lat' dir='ltr'>⁴)r</span> <span class='ocrx_word' id='word_1_204' title='bbox 895 3455 1069 3536; x_wconf 81' lang='lat' dir='ltr'>„Severus</span> <span class='ocrx_word' id='word_1_205' title='bbox 1101 3463 1136 3519; x_wconf 90' lang='lat' dir='ltr'>et</span> <span class='ocrx_word' id='word_1_206' title='bbox 1165 3454 1312 3540; x_wconf 86' lang='lat' dir='ltr'>Gajanus</span> <span class='ocrx_word' id='word_1_207' title='bbox 1342 3458 1433 3521; x_wconf 85' lang='lat' dir='ltr'>initio</span> <span class='ocrx_word' id='word_1_208' title='bbox 1460 3543 1463 3547; x_wconf 14' lang='grc' dir='ltr'><em>Α</em></span> 
     </span>
     <span class='ocr_line' id='line_1_28' title="bbox 294 3565 1433 3651; baseline -0.002 -18"><span class='ocrx_word' id='word_1_209' title='bbox 294 3568 474 3636; x_wconf 86' lang='lat' dir='ltr'>concordes</span> <span class='ocrx_word' id='word_1_210' title='bbox 497 3567 593 3638; x_wconf 86' lang='lat' dir='ltr'>simul</span> <span class='ocrx_word' id='word_1_211' title='bbox 614 3570 646 3631; x_wconf 91' lang='lat' dir='ltr'>in</span> <span class='ocrx_word' id='word_1_212' title='bbox 669 3567 796 3633; x_wconf 90' lang='lat' dir='ltr'>decimo</span> <span class='ocrx_word' id='word_1_213' title='bbox 820 3575 938 3631; x_wconf 88' lang='lat' dir='ltr'>octavo</span> <span class='ocrx_word' id='word_1_214' title='bbox 947 3566 974 3649; x_wconf 78' lang='lat'>⁵)</span> <span class='ocrx_word' id='word_1_215' title='bbox 995 3570 1069 3633; x_wconf 84' lang='lat' dir='ltr'>rico</span> <span class='ocrx_word' id='word_1_216' title='bbox 1080 3565 1304 3631; x_wconf 84' lang='lat' dir='ltr'>Alexandriae</span> <span class='ocrx_word' id='word_1_217' title='bbox 1325 3567 1433 3651; x_wconf 86' lang='lat' dir='ltr'>dege-</span> 
     </span>
     <span class='ocr_line' id='line_1_29' title="bbox 293 3676 1433 3765; baseline -0.002 -21"><span class='ocrx_word' id='word_1_218' title='bbox 293 3681 385 3744; x_wconf 86' lang='lat' dir='ltr'>bant.</span> <span class='ocrx_word' id='word_1_219' title='bbox 426 3678 577 3759; x_wconf 83' lang='lat' dir='ltr'>Quodam</span> <span class='ocrx_word' id='word_1_220' title='bbox 600 3681 711 3764; x_wconf 89' lang='lat' dir='ltr'>igitur</span> <span class='ocrx_word' id='word_1_221' title='bbox 743 3678 797 3742; x_wconf 86' lang='lat' dir='ltr'>die</span> <span class='ocrx_word' id='word_1_222' title='bbox 832 3681 1049 3765; x_wconf 88' lang='lat' dir='ltr'>interrogavit</span> <span class='ocrx_word' id='word_1_223' title='bbox 1081 3677 1240 3743; x_wconf 84' lang='lat' dir='ltr'>Severum</span> <span class='ocrx_word' id='word_1_224' title='bbox 1276 3676 1433 3763; x_wconf 75' lang='lat' dir='ltr'>Gajanus,</span> 
     </span>
     <span class='ocr_line' id='line_1_30' title="bbox 294 3772 1433 3878; baseline -0.003 -22"><span class='ocrx_word' id='word_1_225' title='bbox 294 3802 422 3874; x_wconf 80' lang='lat' dir='ltr'>„utrum</span> <span class='ocrx_word' id='word_1_226' title='bbox 438 3814 556 3878; x_wconf 88' lang='lat' dir='ltr'>corpus</span> <span class='ocrx_word' id='word_1_227' title='bbox 568 3772 884 3859; x_wconf 84' lang='lat' dir='ltr'>Christirocandnm</span> <span class='ocrx_word' id='word_1_228' title='bbox 903 3794 946 3857; x_wconf 88' lang='lat' dir='ltr'>sit</span> <span class='ocrx_word' id='word_1_229' title='bbox 963 3791 1174 3875; x_wconf 88' lang='lat' dir='ltr'>corruptibile</span> <span class='ocrx_word' id='word_1_230' title='bbox 1196 3812 1238 3854; x_wconf 89' lang='lat' dir='ltr'>an</span> <span class='ocrx_word' id='word_1_231' title='bbox 1260 3792 1433 3875; x_wconf 87' lang='lat' dir='ltr'>incorrup-</span> 
     </span>
     <span class='ocr_line' id='line_1_31' title="bbox 293 3881 1433 3988; baseline -0.002 -21"><span class='ocrx_word' id='word_1_232' title='bbox 293 3903 422 3970; x_wconf 84' lang='lat' dir='ltr'>tibile“.</span> <span class='ocrx_word' id='word_1_233' title='bbox 469 3903 714 3988; x_wconf 78' lang='lat' dir='ltr'>&#39;Respondeute</span> <span class='ocrx_word' id='word_1_234' title='bbox 749 3904 891 3969; x_wconf 81' lang='lat' dir='ltr'>Severo:</span> <span class='ocrx_word' id='word_1_235' title='bbox 931 3905 1064 3985; x_wconf 80' lang='lat' dir='ltr'>„fuisse</span> <span class='ocrx_word' id='word_1_236' title='bbox 1105 3881 1317 3988; x_wconf 79' lang='lat' dir='ltr'>corruptibile</span> <span class='ocrx_word' id='word_1_237' title='bbox 1356 3910 1433 3967; x_wconf 87' lang='lat' dir='ltr'>aute</span> 
     </span>
     <span class='ocr_line' id='line_1_32' title="bbox 293 4014 1433 4101; baseline 0.001 -23"><span class='ocrx_word' id='word_1_238' title='bbox 293 4016 564 4078; x_wconf 86' lang='lat' dir='ltr'>resurrectionem</span> <span class='ocrx_word' id='word_1_239' title='bbox 587 4036 608 4078; x_wconf 87' lang='lat' dir='ltr'>a</span> <span class='ocrx_word' id='word_1_240' title='bbox 629 4018 797 4099; x_wconf 84' lang='lat' dir='ltr'>mortuis“‚</span> <span class='ocrx_word' id='word_1_241' title='bbox 822 4015 969 4101; x_wconf 83' lang='lat' dir='ltr'>Gajanus</span> <span class='ocrx_word' id='word_1_242' title='bbox 992 4018 1102 4079; x_wconf 88' lang='lat' dir='ltr'>statim</span> <span class='ocrx_word' id='word_1_243' title='bbox 1125 4014 1167 4078; x_wconf 89' lang='lat' dir='ltr'>ab</span> <span class='ocrx_word' id='word_1_244' title='bbox 1189 4017 1263 4099; x_wconf 85' lang='lat' dir='ltr'>ipso</span> <span class='ocrx_word' id='word_1_245' title='bbox 1285 4017 1433 4096; x_wconf 83' lang='lat' dir='ltr'>secessit,</span> 
     </span>
    </p>
   </div>
   <div class='ocr_carea' id='block_1_7' title="bbox 805 4230 1434 4245">
    <p class='ocr_par' dir='ltr' id='par_1_9' title="bbox 805 4230 1434 4245">
     <span class='ocr_line' id='line_1_33' title="bbox 805 4230 1434 4245; baseline -0.002 -5"><span class='ocrx_word' id='word_1_246' title='bbox 805 4230 1434 4245; x_wconf 39' lang='lat' dir='ltr'>—ss--u—-u-—ffl</span> 
     </span>
    </p>
   </div>
   <div class='ocr_carea' id='block_1_8' title="bbox 362 4290 1433 4546">
    <p class='ocr_par' dir='ltr' id='par_1_10' title="bbox 362 4290 1433 4546">
     <span class='ocr_line' id='line_1_34' title="bbox 782 4290 803 4323; baseline 0 0"><span class='ocrx_word' id='word_1_247' title='bbox 782 4290 803 4323; x_wconf 66' lang='grc' dir='ltr'>«ι</span> 
     </span>
     <span class='ocr_line' id='line_1_35' title="bbox 364 4377 1433 4447; baseline -0.001 -18"><span class='ocrx_word' id='word_1_248' title='bbox 364 4377 386 4444; x_wconf 87' lang='lat'>¹)</span> <span class='ocrx_word' id='word_1_249' title='bbox 405 4377 503 4429; x_wconf 91' lang='lat' dir='ltr'>Oudin.</span> <span class='ocrx_word' id='word_1_250' title='bbox 522 4383 586 4430; x_wconf 91' lang='lat' dir='ltr'>tom.</span> <span class='ocrx_word' id='word_1_251' title='bbox 605 4380 638 4430; x_wconf 90' lang='lat'>11.</span> <span class='ocrx_word' id='word_1_252' title='bbox 659 4380 710 4430; x_wconf 90' lang='lat' dir='ltr'>col.</span> <span class='ocrx_word' id='word_1_253' title='bbox 730 4381 787 4431; x_wconf 82' lang='lat'>564.</span> <span class='ocrx_word' id='word_1_254' title='bbox 861 4379 884 4444; x_wconf 84' lang='lat'>²)</span> <span class='ocrx_word' id='word_1_255' title='bbox 902 4380 956 4431; x_wconf 89' lang='lat' dir='ltr'>vid.</span> <span class='ocrx_word' id='word_1_256' title='bbox 975 4394 1058 4445; x_wconf 83' lang='lat' dir='ltr'>supra</span> <span class='ocrx_word' id='word_1_257' title='bbox 1075 4396 1138 4447; x_wconf 77' lang='lat' dir='ltr'>pag.</span> <span class='ocrx_word' id='word_1_258' title='bbox 1157 4382 1199 4432; x_wconf 75' lang='lat'>23.</span> <span class='ocrx_word' id='word_1_259' title='bbox 1269 4378 1292 4445; x_wconf 83' lang='lat'>³)</span> <span class='ocrx_word' id='word_1_260' title='bbox 1311 4380 1363 4431; x_wconf 84' lang='lat' dir='ltr'>col.</span> <span class='ocrx_word' id='word_1_261' title='bbox 1374 4379 1433 4429; x_wconf 77' lang='lat'>295.</span> 
     </span>
     <span class='ocr_line' id='line_1_36' title="bbox 362 4468 1216 4546; baseline 0 -21"><span class='ocrx_word' id='word_1_262' title='bbox 362 4472 384 4539; x_wconf 82' lang='lat'>⁴)</span> <span class='ocrx_word' id='word_1_263' title='bbox 403 4490 462 4539; x_wconf 81' lang='lat' dir='ltr'>cap.</span> <span class='ocrx_word' id='word_1_264' title='bbox 482 4475 523 4527; x_wconf 75' lang='lat'>22.</span> <span class='ocrx_word' id='word_1_265' title='bbox 543 4475 593 4525; x_wconf 89' lang='lat' dir='ltr'>col.</span> <span class='ocrx_word' id='word_1_266' title='bbox 613 4474 671 4525; x_wconf 78' lang='lat'>295.</span> <span class='ocrx_word' id='word_1_267' title='bbox 811 4495 816 4508; x_wconf 90' lang='grc'><strong><em>·</em></strong></span> <span class='ocrx_word' id='word_1_268' title='bbox 862 4475 883 4539; x_wconf 79' lang='lat'>⁵)</span> <span class='ocrx_word' id='word_1_269' title='bbox 903 4471 929 4525; x_wconf 75' lang='grc' dir='ltr'>ὶν</span> <span class='ocrx_word' id='word_1_270' title='bbox 947 4482 983 4546; x_wconf 79' lang='lat' dir='ltr'>rqi</span> <span class='ocrx_word' id='word_1_271' title='bbox 1002 4468 1216 4545; x_wconf 73' lang='grc' dir='ltr'><strong>ὀκτωκαιδεκάτῳ.</strong></span> 
     </span>
    </p>
   </div>
   <div class='ocr_carea' id='block_1_9' title="bbox 0 0 1618 5217">
    <p class='ocr_par' dir='ltr' id='par_1_11' title="bbox 0 0 1618 5217">
     <span class='ocr_line' id='line_1_37' title="bbox 0 0 1618 5217; baseline 0 0"><span class='ocrx_word' id='word_1_272' title='bbox 0 0 1618 5217; x_wconf 95' lang='lat' dir='ltr'> </span> 
     </span>
    </p>
   </div>
  </div>
 </body>
</html>
