3225 5217
540 1171 544 1180 ·
595 1124 768 1218 CAPUT
796 1124 889 1216 Vll.

222 1299 270 1350 DE
288 1300 496 1353 ANASTASIO
514 1301 677 1366 SINAITA,
696 1296 795 1382 QUAE
813 1300 949 1353 PASSIM
965 1299 1130 1352 INVENTA
1148 1296 1260 1364 SUNT,

612 1395 881 1448 COLLIGUNTUR

259 1593 365 1658 Multa
388 1594 535 1677 quidem,
558 1594 719 1660 benevole
740 1593 861 1675 lector,
880 1593 948 1678 jam
970 1594 1004 1656 in
1024 1593 1170 1676 praeviis
1190 1591 1314 1676 passim

173 1704 329 1790 allegavi,
353 1727 397 1772 ex
420 1706 538 1791 quibus
561 1706 757 1771 Anastasius
783 1712 897 1770 noster
916 1704 1022 1788 qualis
1042 1704 1158 1785 fucrit,
1182 1701 1313 1787 quando

172 1819 304 1899 vixerit,
327 1817 523 1902 qualemque
546 1839 583 1883 se
605 1820 757 1904 gesserit,
780 1821 852 1903 ipse
875 1818 1037 1902 conjicere
1058 1833 1185 1900 posses.
1218 1813 1312 1893 Quae

172 1949 258 1992 nunc
279 1928 424 1994 breviter
446 1929 599 2014 colligam
620 1949 792 2014 paucaque
815 1927 976 2015 adjiciam.

258 2039 337 2104 Fuit
367 2041 468 2126 igitur
496 2039 693 2106 Anastasius
727 2048 859 2122 noster,
890 2037 1027 2124 Hodegi
1054 2046 1184 2119 auctor,
1214 2057 1313 2122 pres·

171 2151 270 2236 byter
283 2152 305 2235 ι)
334 2159 370 2216 et
395 2150 610 2236 monachus²)
640 2153 744 2216 sancti
773 2153 893 2215 montis
926 2149 1033 2232 Sinai,
1061 2147 1204 2232 ideoque
1233 2169 1312 2212 vere

176 2261 301 2328 Sinaita
323 2261 449 2326 dicitur.
493 2261 607 2348 Viguit
627 2270 735 2329 autem
758 2271 849 2328 certe
874 2263 942 2347 jam
963 2269 1040 2325 ante
1061 2281 1091 2325 a
1113 2261 1192 2341 640,
1221 2261 1312 2323 veri-

175 2383 277 2440 tatem
305 2373 497 2438 catholicam
522 2375 590 2459 jam
612 2382 690 2438 tune
713 2380 827 2437 contra
852 2372 1037 2438 haereticos
1059 2371 1312 2456 Monophysitus

175 2495 307 2550 strenam
329 2494 472 2570 apteque
495 2485 692 2565 defendens,
723 2492 757 2549 ct
788 2487 885 2549 etiam
914 2483 1032 2548 claruit
1052 2491 1129 2568 post
1150 2505 1179 2546 a.
1203 2480 1312 2564 700⁸).

49 2582 54 2591 ¹
174 2597 414 2682 Longissimum
436 2617 516 2682 ergo
539 2597 640 2661 vitam
662 2595 800 2662 duxisse
823 2595 998 2682 colligitur.
1041 2594 1181 2674 Quando
1201 2602 1311 2658 autem

174 2708 312 2793 primum
328 2707 433 2772 lucem
451 2709 630 2792 aspexerit,
653 2707 852 2791 quandoque
868 2727 981 2771 rursus
993 2727 1012 2771 e
1023 2708 1108 2770 vivis
1118 2703 1312 2785 deoesserit,

174 2818 282 2883 adhuc
303 2822 336 2882 in
359 2839 501 2904 supenso
524 2819 717 2903 relinquitur
728 2819 762 2901 ⁴).

261 2929 437 2995 Caeterum
459 2951 480 2994 a
500 2933 623 2996 teneris
638 2928 823 3016 unguiculis
837 2931 871 2992 in
885 2925 1050 2993 discendis
1066 2926 1310 2992 delinitionibus

175 3063 218 3106 ex
241 3041 377 3106 Patrum
399 3041 574 3106 traditione
604 3062 680 3106 sese
703 3041 898 3134 enercebat,
928 3042 1035 3123 iisque
1062 3040 1205 3103 maxime
1232 3043 1310 3123 post

173 3152 280 3217 Deum
303 3153 508 3218 adversarios
530 3173 550 3216 a
569 3173 609 3218 sc
639 3153 771 3237 fugatos
800 3172 875 3218 esse
902 3149 1090 3233 testatur⁵).
1135 3147 1312 3234 Complura

172 3263 291 3329 deinde
302 3265 419 3330 itinera
428 3264 508 3328 fecit
517 3267 551 3328 in
563 3263 661 3348 Syria
672 3263 870 3349 etAegypto
881 3262 1021 3346 aliisque
1030 3263 1122 3344 locis,
1135 3264 1306 3326 veritatem

100 3441 102 3444 .
173 3374 365 3440 catholicam
398 3375 520 3459 ubique
552 3374 733 3440 defendens
763 3382 797 3440 et
827 3377 1066 3440 haereticorum
1091 3373 1202 3459 jacula
1229 3373 1311 3457 reji-

172 3489 261 3550 ciens
274 3485 309 3571 “).
353 3485 404 3550 Ac
425 3489 618 3571 praesertim
633 3486 867 3552 Alexandriae·
883 3507 955 3550 cum
978 3487 1152 3550 haereticis
1168 3504 1311 3570 congre-

173 3592 341 3681 diebatur,
363 3605 401 3662 ut
421 3606 515 3684 petet
537 3619 580 3664 cx
603 3607 758 3684 quattuor
779 3596 1074 3684 disputationibus,
1090 3581 1179 3680 xquas
1201 3597 1309 3679 capite

171 3709 298 3775 decimo
320 3710 454 3798 Hodegi
475 3711 593 3793 refert,
616 3720 649 3777 et
672 3732 810 3795 quarum
832 3712 962 3774 tertiam
984 3730 1084 3793 supra
1103 3707 1180 3772 dedi
1190 3704 1227 3789 ⁷)
1270 3703 1310 3769 Iu

170 3827 244 3889 vico
278 3825 439 3908 quodam,
479 3827 609 3892 nomine
643 3822 796 3906 Carsata,
833 3821 878 3887 ad
910 3829 1063 3906 quartum
1094 3842 1116 3906 a
1145 3820 1309 3886 Damasco

951 4055 1309 4064 Μ

239 4229 261 4296 ¹)
280 4229 335 4280 vid.
343 4242 493 4294 supraprg
502 4227 543 4278 27.
579 4227 671 4294 ²).pag
680 4229 720 4280 17.
757 4226 852 4294 ⁸.)pcg
861 4227 980 4291 matam
991 4227 1025 4279 ef.
1033 4241 1060 4292 p.
1067 4226 1165 4292 88,89;
1177 4224 1307 4289 treroqq.

238 4321 322 4389 ⁴)Cf.
341 4327 432 4372 tamen
449 4336 533 4388 supra
549 4337 612 4388 pag.
632 4323 664 4372 12
681 4327 737 4374 not
756 4323 780 4372 4.

238 4415 406 4482 ⁸).suprrp
425 4419 467 4468 41.
607 4416 711 4483 l)pag.
731 4418 777 4482 293
796 4417 832 4468 cf.
850 4419 934 4470 etlam
950 4431 1035 4482 supra
1050 4430 1077 4481 p.
1094 4416 1138 4468 82.
1155 4419 1213 4467 not.
1232 4417 1256 4466 1.

239 4509 306 4577 7)
