3225 5217
1276 487 1317 552 ts

175 659 335 744 cohibuit,
376 664 616 747 universaeque
651 661 832 727 Romaniae
866 664 1032 745 requiem,
1068 661 1317 742 relaxationem,

175 773 432 838 consolationem
454 795 636 859 pacemque
657 771 881 839 incredibilem
904 761 1143 859 comparavit“

262 885 356 950 Haec
384 887 485 972 igitur
513 895 629 949 auctor
657 885 698 950 de
722 894 795 950 ortu
817 894 917 970 atque
940 885 1147 950 damnatione
1170 883 1317 948 haeresis

174 995 460 1061 Monotheleticae.
493 997 560 1061 Hic
576 997 655 1060 mihi
670 1000 777 1082 possit
798 997 918 1081 aliquis
935 997 1092 1083 objicere:
1123 992 1316 1076 „Quomodo

175 1115 305 1188 auctor,
328 1110 385 1191 qui
408 1110 554 1172 haeresis
576 1111 672 1173 istius
695 1118 802 1173 ortum
824 1117 891 1174 tam
907 1108 1044 1172 'diverse
1063 1107 1106 1172 ab
1121 1107 1193 1173 aliis
1213 1107 1317 1170 fonti·

175 1219 236 1283 bus
258 1228 370 1282 narrat
392 1227 426 1284 et
447 1221 626 1286 Martinam
647 1221 773 1306 Papam
796 1219 912 1285 eodem
936 1228 1084 1305 tempore
1106 1219 1317 1284 Pontificium

175 1330 290 1395 solium
318 1338 484 1396 tenentem
515 1333 595 1396 facit
624 1353 690 1416 quo
719 1331 880 1418 regnabat
902 1331 1093 1414 Heraclius,
1125 1330 1211 1395 idem
1243 1350 1317 1394 esse

175 1450 287 1528 potest
307 1451 408 1526 atque
430 1442 629 1508 Anastasius
650 1451 778 1523 noster,
799 1441 936 1528 Hodegi
957 1451 1087 1522 auctor,
1111 1444 1167 1528 qui
1185 1463 1225 1508 oo
1244 1444 1317 1526 ipso

90 1541 115 1566 ⁸
175 1561 324 1638 tempore
345 1553 476 1618 vixit?“
521 1554 588 1620 Sed
617 1553 818 1639 respondeo,
848 1554 1058 1624 Anastasium
1087 1554 1204 1636 rebus,
1235 1573 1317 1638 quus

175 1665 230 1728 hic
250 1665 354 1731 refert
375 1668 438 1730 etsi
460 1674 609 1751 tempore
631 1665 822 1750 aequalem,
845 1675 954 1732 tamen
981 1665 1055 1731 loco
1074 1657 1145 1730 non
1169 1666 1318 1730 omnibus

175 1795 282 1858 aeque
295 1797 399 1860 prope
408 1777 522 1856 fuisse,
536 1779 634 1841 immo
649 1780 790 1842 interris
804 1799 825 1841 a
835 1777 961 1842 bellicis
972 1775 1318 1841 Mohammedanorum

175 1887 368 1952 tumultibus
389 1887 589 1973 perturbatis
615 1898 716 1972 atque
743 1911 764 1953 a
785 1888 914 1974 reliquo
938 1888 1018 1954 orbe
1041 1897 1201 1954 terrarum
1224 1890 1318 1972 quasi

174 1997 375 2081 interclusis,
410 2021 452 2064 ex
475 2021 542 2085 quo
564 2001 637 2066 fleri
658 2004 784 2088 potuit,
815 2009 852 2066 ut
877 2001 973 2069 aliter
1001 2023 1056 2068 res
1085 2001 1129 2067 ad
1150 2001 1319 2066 Anastasii

175 2130 275 2180 aures
298 2110 524 2194 deferrentur,
554 2134 596 2177 ao
617 2134 654 2178 re
675 2115 749 2198 ipsa
769 2111 975 2196 acciderant,
1011 2113 1045 2178 id
1068 2112 1158 2198 quod
1180 2113 1319 2178 hicnon

177 2231 229 2288 ost
249 2241 358 2286 meum
382 2222 569 2288 decernere.
604 2223 702 2304 Quod
718 2232 833 2288 'autem
852 2223 894 2288 ad
906 2225 1082 2290 Martinuiu
1104 2225 1146 2289 ab
1162 2221 1318 2289 Heraclio

87 2411 91 2427 Ι
177 2332 348 2397 consulum
369 2337 503 2416 attinet,
525 2335 851 2400 animadvertendum
875 2343 942 2416 cst,
963 2335 1112 2402 homiues
1136 2333 1318 2400 orientales

178 2442 438 2509 occidentalium
467 2466 577 2510 rerum
603 2467 767 2531 persaepe
800 2469 866 2510 non
898 2450 944 2510 ita
975 2467 1096 2532 guaros
1130 2447 1251 2527 fuisse,
1284 2453 1318 2511 et

177 2554 316 2620 eundem
348 2558 455 2642 ipsum
478 2556 690 2624 Anastasium
722 2559 820 2622 etiam
854 2579 955 2645 supra
973 2559 994 2642 ¹)
1027 2561 1060 2622 in
1091 2557 1235 2644 Hodego
1262 2558 1317 2623 cit.

176 2665 442 2754 &Augustarum
465 2668 586 2734 babere
608 2677 798 2754 martyrem.
833 2669 951 2756 Itaque
973 2669 1206 2739 hioAnastasii
1224 2689 1317 2738 error

174 2780 291 2846 iauon
313 2777 457 2862 videtur,
480 2781 537 2865 qui
560 2789 691 2846 caetera
711 2801 787 2846 mea
805 2789 1162 2868 argumenta-averrat.

489 2990 765 2999 m.
1261 2991 1315 3000 -ο-ι
