3225 5217
1272 506 1332 582 121

192 674 323 762 reptilia
355 653 543 744 animarurn.
571 679 750 744 viventium
791 685 828 744 et
863 678 1016 745 volucres
1051 677 1203 746 volantes
1236 699 1337 763 snper

192 796 330 871 terram,
359 798 436 854 aunt
455 810 563 873 aquae
585 789 809 876 bsptismatis,
836 790 928 875 quod
948 794 982 856 in
1003 799 1093 858 terra
1113 799 1167 858 est
1186 793 1336 872 „ostium

192 908 339 968 nostrum
362 909 397 968 et
417 904 472 968 via
493 901 537 966 ad
559 901 727 976 Christum
750 923 811 988 per
833 901 1035 985 Ecclesiam,
1063 905 1151 968 sicut
1177 903 1212 966 in
1233 901 1335 970 coelis

89 1000 93 1009 ’
193 1012 313 1078 ostium
339 1020 488 1078 nostrum
516 1021 552 1078 et
576 1016 630 1079 via
656 1013 700 1078 ad
721 1015 855 1080 Patrem
884 1024 938 1080 est
958 1013 1185 1098 chrntwsst
1228 1013 1336 1095 „Nam

192 1125 226 1188 in
257 1123 358 1190 coelis
387 1123 521 1208 quidem
553 1127 674 1210 primas
704 1134 818 1210 partes
847 1134 883 1192 et
910 1127 1049 1212 primunr
1079 1126 1187 1192 locum
1210 1125 1337 1192 obtinet

152 1274 161 1289 ·
192 1233 244 1300 sol
267 1233 489 1320 christum).
534 1234 594 1318 „In
616 1245 706 1302 terra
726 1245 855 1320 autem,
878 1237 935 1302 ubi
955 1238 1138 1303 humiliavit
1157 1259 1196 1303 se
1217 1241 1336 1324 ipsum,

193 1348 282 1412 servi
303 1347 439 1412 formam
462 1351 638 1434 accipiens,
660 1348 846 1415 voluntarie
867 1349 961 1416 dedit
980 1353 1103 1436 primm
1124 1360 1237 1436 partes
1258 1360 1336 1415 tan·

193 1478 292 1541 quarn
314 1462 449 1544 proprio
471 1481 533 1526 suo
555 1463 702 1546 corpori,
729 1459 920 1528 Ecclesiae:
949 1461 1024 1526 dieo
1045 1470 1156 1528 nutem
1176 1464 1336 1547 mysterio

192 1570 476 1656 baptismatis‘st).
524 1572 630 1636 Porro
658 1572 827 1653 animalia,
863 1593 908 1638 ex
937 1575 1033 1657 aquis
1061 1576 1173 1657 genite
1181 1573 1224 1658 ⁴),
1260 1581 1337 1640 sunt

196 1681 391 1765 Christiani3
419 1683 593 1764 „animalia
623 1705 703 1750 vero
733 1705 754 1748 e
779 1693 871 1750 terre
891 1684 1018 1770 criel),
1044 1684 1186 1767 ludaei,
1214 1694 1252 1750 nt
1279 1687 1335 1768 qui

149 1853 152 1859 s
192 1801 324 1860 terrena
345 1796 476 1879 sapiant
497 1815 558 1860 nec
579 1795 722 1860 habeant
743 1799 1028 1862 conversationem
1049 1799 1084 1860 in
1105 1793 1287 1878 coelu⁶⁶⁶).
1312 1851 1316 1856 .

278 1905 333 1972 De
355 1926 395 1970 eo
416 1914 527 1972 autem
548 1906 640 1972 loco:
674 1906 870 1990 „Faciamus
898 1907 1062 1974 homiuem
1088 1907 1131 1972 ad
1160 1910 1337 1994 imaginent

193 2027 228 2084 et
248 2017 491 2084 similitudinem
513 2027 659 2084 nostram
668 2020 689 2055 “
700 2017 745 2101 ²),
776 2019 860 2084 haec
881 2019 1031 2086 disserit:
1053 2065 1073 2102 „
1082 2019 1336 2102 convenienter,

192 2130 316 2214 inquit,
345 2131 464 2194 rationi
493 2150 680 2216 anagoges,
712 2129 879 2196 Christum
907 2131 961 2196 hie
986 2131 1168 2218 intelliges,
1203 2130 1238 2194 in
1267 2150 1336 2215 quo

193 2239 422 2312 diciturillud:
444 2241 641 2322 „Faciamus
651 2242 846 2323 hominem“,
861 2241 994 2327 quando
1001 2241 1148 2327 suscepit
1154 2241 1335 2333 hominem

194 2351 276 2418 illud
297 2360 424 2418 eutem:
447 2352 674 2436 ,Faciamus“,
696 2375 762 2418 non
783 2353 890 2424 solum
909 2353 990 2420 dicit
1007 2354 1109 2418 Peter
1131 2361 1165 2418 et
1183 2351 1336 2438 Spiritus,

193 2463 246 2530 hie
268 2463 401 2546 quidem
424 2473 460 2528 ut
489 2464 677 2550 approbans
704 2475 739 2530 et
767 2473 875 2529 retum
903 2465 1044 2548 hebens,
1073 2464 1131 2530 ille
1160 2471 1271 2530 eutem
1299 2471 1338 2528 ut

191 2595 407 2661 praeparans3
430 2573 491 2642 sed
513 2578 611 2642 etism
629 2575 734 2642 Filius
756 2577 897 2642 utDeus
919 2579 1084 2643 comentit
1105 2576 1148 2642 de
1168 2597 1225 2658 eo,
1248 2573 1337 2658 quod

193 2694 246 2752 est
266 2686 472 2770 iaciendum,
502 2695 539 2752 ut
566 2689 638 2772 ipse
668 2709 801 2772 quoque
825 2696 978 2754 cernatur
999 2687 1155 2773 amplecti
1175 2688 1337 2752 humanae

193 2796 669 2884 naturae-susceptionem“⁸).
712 2798 790 2864 Vox
813 2807 925 2864 auteur
944 2799 1017 2864 illa:
1049 2799 1261 2879 Faciamus“,
1284 2796 1338 2861 di-

192 2911 300 2974 vinam
332 2913 363 2976 ei
393 2911 588 2976 Trinitatem
618 2910 782 2996 signifioat
791 2909 835 2992 ⁹),
871 2913 960 2976 dece
993 2910 1083 2994 quod
1121 2910 1207 2975 hane
1238 2909 1338 2974 affert

193 3022 481 3088 narratiunculam:
516 3021 617 3102 ,Cum
639 3022 836 3106 aliquando,
864 3024 988 3106 inquit,
1011 3022 1096 3088 hanc
1116 3042 1233 3087 vocem
1254 3041 1337 3106 pro-

125 3163 130 3173 *
192 3133 354 3200 ferremus
371 3133 461 3219 apud
478 3133 641 3218 quendam
653 3154 697 3200 ex
709 3133 884 3218 Hebraeis,
905 3122 1029 3200 multae
1051 3135 1136 3198 eninr
1158 3141 1194 3198 et
1214 3153 1337 3216 saepe-

193 3266 328 3310 numero
351 3266 425 3310 cun]
453 3266 566 3311 eorum
594 3267 717 3331 genere
734 3255 838 3344 ortae
864 3245 961 3313 nobis
987 3252 1064 3312 sunt
1086 3247 1338 3320 ,conueneraiae

193 3376 233 3422 so
262 3357 537 3423 contradictiones
569 3357 667 3441 plane
699 3357 961 3442 extemporales,
1000 3365 1115 3422 contre
1150 3356 1237 3422 dixit
1270 3357 1336 3420 im-

192 3468 332 3554 probus,
354 3489 466 3554 regem
489 3468 650 3552 aliquem,
682 3475 717 3534 et
738 3471 767 3535 si
788 3470 832 3532 sit
853 3469 961 3552 solus,
983 3489 1085 3554 posse
1106 3468 1218 3534 dicere
1239 3466 1335 3532 iliud:

193 3579 382 3663 Faciamus,
406 3587 440 3646 et
460 3580 558 3644 illud:
581 3579 756 3646 dussimus.
789 3579 872 3646 Cum
888 3589 998 3646 autem
1009 3601 1070 3645 nos
1081 3582 1335 3645 occurrissemus

194 3700 228 3758 et
250 3691 462 3757 dixissemus:
484 3691 530 3756 Et
551 3701 707 3758 curante
733 3696 932 3758 creationem
953 3693 1093 3759 hominis
1112 3715 1177 3759 non
1192 3696 1337 3760 cernitur

193 3804 286 3870 Deus
308 3807 341 3868 in
362 3805 474 3888 eliqua
495 3803 560 3868 alia
589 3825 804 3888 quaecunque
833 3825 874 3870 en
903 3806 947 3870 sit
973 3813 1125 3872 creatura
1151 3825 1231 3870 usus
1260 3825 1336 3872 esse
1454 3814 1460 3822 “

193 3915 257 3982 hoo
285 3915 404 3980 verbo:
441 3915 633 4000 Faciamus3
664 3925 698 3982 et
728 3915 855 3982 dixisse
888 3917 952 3981 nisi
977 3917 1012 3981 in
1039 3916 1112 3982 solo
1141 3916 1272 3982 homine
1301 3924 1337 3984 ot

193 4149 1335 4161 ..numm-*uuu—

264 4319 286 4386 1)
304 4320 351 4371 ιιι.
364 4320 398 4372 v.
418 4321 470 4371 001.
489 4321 540 4372 ors
557 4321 591 4370 n.
696 4317 719 4386 ¹)
738 4320 789 4370 001.
808 4321 859 4371 ora
877 4317 908 4370 o.
1012 4317 1036 4385 ⁸)
1053 4319 1118 4370 rure.
1135 4319 1169 4369 n.

264 4413 287 4480 ⁴)
306 4413 373 4465 Gen.
393 4417 422 4479 1,
441 4415 481 4466 21.
693 4413 715 4480 ¹)
734 4411 798 4464 lbld.
817 4430 844 4464 v.
863 4415 905 4464 24.
1012 4413 1034 4481 ⁸)
1052 4415 1099 4467 lib.
1110 4413 1159 4464 VL
1178 4411 1334 4466 0019241.

165 4549 172 4554 .
264 4506 287 4574 ¹)
306 4508 373 4560 Gen.
394 4511 420 4574 1,
439 4511 481 4561 26.
696 4508 719 4576 ⁸)
734 4509 790 4562 ool.
809 4511 862 4562 930
879 4507 909 4562 O.
1014 4507 1037 4576 ⁹)
1055 4508 1107 4560 eol.
1125 4510 1176 4562 eol
1194 4506 1234 4560 A,
