3225 5217
1249 529 1311 593 145

173 695 216 762 sd
236 694 448 798 Imperatoris
469 695 573 783 pedes
595 701 798 784 poenitentia
820 699 938 764 duetus
959 699 1148 783 accidisset,
1179 663 1313 787 etpost

172 828 294 896 paucos
317 807 388 874 dies
409 807 540 874 letifero
561 810 677 874 morbo
700 819 885 895 correptus,
909 818 944 875 et
963 811 1136 876 uberrimis
1157 811 1313 896 lacrymis

174 920 215 983 ob
236 923 470 1004 poenitentiam
492 920 593 1003 fusis,
620 920 663 986 ad
685 922 815 986 coelum
839 922 1069 988 reconciliatus
1090 914 1265 1007 migrasset
1278 924 1311 1008 ¹).
1407 911 1431 929 ⁸

171 1031 265 1098 Haeo
287 1035 395 1096 omnia
416 1033 570 1117 exempla
594 1032 679 1098 duae
708 1036 833 1118 pariter
855 1014 1020 1099 orationes
1040 1034 1198 1099 referunt
1243 1033 1311 1100 Sed

173 1144 276 1208 oratio
315 1144 420 1226 prior,
459 1143 546 1208 huno
581 1143 741 1210 latronem
773 1153 975 1229 postremum
1014 1144 1176 1229 allegans,
1215 1144 1311 1209 dicitr
1330 1182 1356 1220 ·,

174 1250 250 1318 ,ἐπὶ
272 1245 510 1340 visitatrices
530 1256 638 1341 γενεᾶς
662 1251 721 1320 ἐπὶ
734 1253 924 1342 Marouion
943 1254 1004 1321 τοῦ
1025 1256 1091 1321 τῶν
1103 1255 1312 1344 Χριστιανῶν

170 1363 336 1446 βασιλέων
352 1353 514 1452 γεγονότος
530 1355 654 1454 ἐγένετό
666 1387 717 1441 τις
730 1359 930 1454 α’ρχιλῃστῆς
940 1390 970 1430 κ.
982 1391 1010 1432 c.
1022 1365 1076 1430 λ.“
1088 1363 1125 1448 ²),
1147 1371 1313 1453 posterior

170 1497 251 1540 vero
283 1475 404 1542 solumz
439 1471 550 1556 „nord
579 1471 655 1553 τούς
684 1467 820 1566 χρόνους
844 1475 1036 1565 Μαυρικίου
1064 1479 1124 1544 τοῦ
1156 1470 1313 1561 εὐσεβοῦς

170 1585 337 1668 βασιλέως
352 1583 485 1674 γεγονώς
499 1587 610 1679 ἕτερος
629 1583 750 1678 λῃστὴς
760 1614 790 1653 κ.
801 1615 831 1656 r.
844 1590 895 1654 λέ*
907 1589 945 1673 ³),
968 1593 1097 1656 omissis
1109 1590 1174 1656 illis
1184 1594 1314 1656 verbisr

172 1695 250 1781 „e’rrl
272 1699 331 1785 τῆς
358 1693 516 1788 ἡμετέρας
543 1702 682 1787 γενεᾶς“.
725 1701 780 1766 Ex
804 1723 871 1786 quo
892 1702 1032 1767 forsitan
1053 1705 1171 1788 conjici
1189 1711 1311 1788 potest,

169 1808 254 1874 hanc
276 1814 493 1894 posteriorem
515 1817 694 1878 orationem
717 1813 863 1878 nonnihil
891 1821 970 1898 post
990 1816 1133 1898 priorem
1155 1813 1310 1880 habitum.

171 1920 268 2000 Quod
301 1925 387 1988 enim
420 1921 568 1989 Oudinus
601 1924 758 2007 blaterat,
791 1925 912 1990 verba:
954 1920 1032 2002 ,ἐπὶ
1061 1925 1120 2010 τῆς
1152 1915 1313 2013 ἡμετέρας

168 2032 297 2118 γενεᾶς“
326 2035 360 2098 in
389 2037 536 2100 oratione
564 2038 674 2120 priore
696 2059 716 2100 a
738 2035 881 2120 quodam
910 2037 1012 2122 gratis
1037 2035 1167 2121 adjecta
1189 2057 1263 2101 esse
1272 2035 1310 2120 ⁴),

168 2147 318 2208 nimirum
351 2153 387 2210 ut
420 2149 518 2210 etiam
550 2146 635 2210 hano
669 2149 849 2212 orationem
880 2147 1059 2212 Anastasio
1093 2169 1153 2212 suo
1192 2156 1309 2232 quarto

170 2257 256 2320 circa
277 2257 402 2321 initium
424 2257 547 2323 saeculi
563 2258 727 2324 undecimi
741 2258 922 2325 attribuere
942 2261 1064 2344 possit,
1085 2280 1128 2324 ne
1144 2263 1311 2326 mentione

169 2366 300 2451 quidem
323 2366 457 2454 dignum
478 2367 617 2434 videtur.
662 2369 813 2449 Quanam
835 2373 920 2434 enim
941 2373 1069 2436 ratione
1090 2373 1310 2456 posteriorum

168 2477 286 2560 aliquis
308 2482 434 2545 moveri
454 2482 576 2564 potuit,
605 2488 641 2544 ut
669 2501 738 2545 rem
760 2490 838 2546 ante
864 2484 993 2567 integra
1019 2483 1153 2562 saecula
1182 2491 1310 2566 gestam

168 2588 325 2670 scribens,
349 2585 427 2672 ᾖἐπὶ
449 2590 506 2676 τῆς
527 2584 685 2676 ἡμετέρας
707 2592 836 2674 γενεᾶς“
858 2592 1019 2658 adderet?
1063 2593 1171 2658 Multo
1187 2597 1309 2659 rectius

167 2721 241 2764 cum
271 2698 468 2766 Combefisio
499 2701 672 2766 dicandum
703 2723 777 2768 esse
809 2713 907 2788 puto,
948 2704 1047 2782 „nibil
1075 2712 1206 2785 vetare,
1240 2707 1310 2770 suis

166 2833 261 2878 usum
282 2810 493 2876 Anastasium
515 2814 617 2880 semel
640 2821 680 2878 et
694 2816 814 2879 iterum
834 2815 921 2878 hunc
947 2815 1108 2900 psalmum
1127 2835 1309 2897 enarrasse,

166 2943 293 3009 proque
315 2921 498 3003 auditorum
519 2927 655 3006 rationo,
677 2925 732 2989 vel
748 2933 785 2988 ut
800 2924 1002 3010 suggerebat
1019 2928 1184 3007 memoria,
1207 2926 1311 2991 verba
1419 2912 1425 2961 ²

166 3034 316 3119 plurima,
332 3036 470 3119 ipsaque
487 3042 558 3099 tota
575 3043 735 3100 commata
753 3056 819 3118 qua
835 3044 990 3116 mutasse,
1008 3054 1073 3118 quo
1092 3037 1260 3100 omisisse“
1272 3035 1309 3118 ⁶).

167 3144 284 3228 Itaque
313 3145 376 3210 hae
405 3148 569 3211 orationes
601 3167 661 3231 per
690 3168 727 3210 se
754 3146 798 3210 ed
825 3146 994 3210 Anastasii
1025 3148 1130 3216 nostri
1158 3155 1309 3230 tempora

168 3256 318 3321 clamant.
360 3255 458 3336 Quod
480 3236 589 3322 autem
612 3256 796 3322 Ceillierius
825 3258 1023 3322 clarissimus
1046 3277 1091 3322 ex
1118 3258 1159 3320 iis
1181 3255 1309 3320 verbis:

133 3393 143 3402 ’
167 3363 247 3448 ,ἐπὶ
275 3368 335 3452 τῆς
362 3359 519 3456 ἡμετέρας
547 3367 679 3451 rareto
702 3365 892 3453 conjicit⁸)‚
915 3367 1126 3432 Anastasium
1149 3355 1223 3451 jam'
1246 3366 1308 3431 sub

167 3478 325 3542 Mauricio
337 3476 540 3562 Imperatore
551 3481 584 3542 in
596 3481 680 3544 vivis
693 3480 807 3561 fuisse,
824 3479 904 3542 mihi
916 3478 1047 3562 quidem
1058 3499 1124 3541 non
1136 3480 1182 3542 ita
1194 3479 1309 3560 sequi-

166 3596 229 3653 tur.
272 3588 403 3654 Etenim
432 3590 483 3654 his
512 3590 638 3655 verbis:
670 3587 748 3668 ,ἐπὶ
777 3591 836 3684 γῆς
864 3581 1022 3678 ἡμετέρας
1050 3588 1179 3674 ysaram
1211 3590 1309 3653 etiam

167 3702 216 3763 uti
235 3703 356 3785 potuit,
379 3703 408 3766 si
430 3723 494 3765 non
517 3704 588 3787 ipse
612 3701 761 3785 quidem,
785 3702 846 3768 sed
867 3710 1021 3786 parentes
1045 3703 1115 3787 ejus
1138 3699 1193 3765 vel
1207 3699 1309 3796 oudi-

167 3818 256 3876 tores
286 3811 388 3895 aliqui
416 3811 568 3877 Mauricii
595 3821 744 3899 tempora
771 3813 927 3880 sciebant
980 3811 1077 3893 Quod
1106 3815 1135 3876 si
1163 3833 1202 3877 re
1229 3832 1310 3876 vera

167 3921 363 3988 Anastasius
381 3923 450 4008 jem
472 3922 533 3987 sub
556 3923 716 4002 Mauricio
727 3921 753 4010 ²)
773 3909 892 3988 'lucem
913 3922 1061 4006 vidisset,
1091 3943 1212 3986 annum
1235 3922 1317 3988 fero

237 4317 260 4385 ¹)
279 4319 330 4369 col.
350 4319 416 4369 1112
434 4333 490 4383 seq.
612 4317 636 4384 ²)
655 4319 706 4370 col.
726 4319 776 4369 112
793 4316 828 4368 A.
967 4316 990 4383 ⁸)
1010 4317 1060 4368 col.
1081 4319 1148 4369 1140
1166 4317 1200 4368 A.

237 4413 260 4479 ⁴)
278 4412 375 4464 Oudln.
395 4417 459 4463 tom.
478 4413 512 4462 Π.
532 4413 583 4464 eol.
603 4412 661 4463 573.
766 4410 789 4477 ⁶)
809 4411 861 4462 col.
881 4412 949 4462 1078
966 4415 1023 4462 not.
1042 4412 1066 4461 2.

238 4507 261 4574 ⁶)
280 4505 389 4561 ceillier
407 4511 471 4560 tom.
492 4508 524 4558 17
541 4521 603 4573 pag.
621 4508 681 4557 431.
767 4505 790 4572 r)
808 4506 945 4572 Regnavit
963 4507 998 4557 ab
1016 4520 1041 4556 a
1060 4505 1205 4558 ost-602.

1100 4603 1133 4654 10
