3225 5217
302 537 321 599 d

302 687 445 773 universi
463 710 570 771 animo
582 708 835 793 perpenderent,
856 710 969 791 paucis
982 710 1144 791 exceptis,
1166 708 1353 791 exemplum
1370 709 1441 794 ejus

301 820 405 885 secuti
428 827 512 885 sunt.
557 818 687 903 Scripta
718 829 768 883 est
797 824 895 885 etiam
925 821 968 884 ab
996 820 1114 885 eodem
1135 820 1313 883 Anastasio
1335 822 1440 884 oratio

301 930 344 995 ad
376 930 617 1010 Antiochenus,
653 948 719 1013 qua
750 931 817 995 illis
849 929 1057 997 valedicebat
1074 931 1115 1013 ¹),
1151 951 1229 993 cum
1258 936 1442 1016 accepisset

301 1040 522 1106 Justiuianum
554 1040 640 1105 velle
676 1060 712 1105 se
746 1044 779 1104 in
812 1042 946 1105 exilium
978 1044 1117 1105 mittere.
1168 1042 1275 1121 Quam
1308 1043 1441 1126 quidem

302 1154 481 1217 orationem
492 1153 609 1215 merito
621 1155 696 1234 quis
713 1150 902 1233 admiretur,
914 1162 984 1217 tum
996 1153 1223 1217 obverborum
1235 1154 1441 1239 elegantiam,

301 1270 370 1327 tum
402 1261 443 1326 ob
474 1265 601 1346 copiam
631 1266 882 1343 sententiarum,
914 1272 982 1327 tum
1012 1251 1154 1346 denique
1184 1265 1227 1328 ob
1256 1264 1442 1347 frequentia

302 1371 615 1456 secraeScripturae
637 1376 833 1455 testimonia,
858 1383 892 1439 et
914 1375 956 1439 ob
979 1376 1148 1439 historiam
1170 1378 1238 1439 suis
1259 1375 1341 1439 locis
1363 1384 1441 1459 apte

301 1486 566 1549 accomodatam“
579 1482 615 1568 ²).
652 1484 794 1563 „Verum
807 1488 912 1550 oratio
929 1486 986 1550 illa
1004 1486 1258 1569 haudquaquam
1276 1486 1442 1570 publicata

302 1605 363 1677 cst,
387 1618 427 1661 eo
444 1595 533 1679 quod
551 1597 643 1661 Deus
662 1605 774 1661 noster
792 1600 996 1682 prospiciens
1016 1618 1071 1661 res
1088 1594 1254 1679 nost-ras')
1275 1598 1309 1660 in
1325 1597 1441 1661 melius

302 1710 521 1771 commutavit.
565 1705 695 1772 Etenim
714 1708 930 1790 Justinianus,
954 1708 1031 1772 dum
1053 1708 1214 1773 adversus
1230 1707 1442 1773 Anastasium

244 1882 247 1894 λ
305 1826 339 1883 et
361 1822 417 1901 qui
440 1840 513 1881 cum
536 1820 609 1903 ipso
634 1828 743 1899 erant,
774 1818 965 1883 sacerdotes
988 1818 1225 1903 deportationis
1247 1822 1442 1883 sententiam

303 1929 442 1993 dictaret
453 1928 487 2011 ⁴),
518 1929 673 1993 invisibili
695 1922 794 2020 plaga
822 1933 908 1996 ictus
939 1950 982 1995 ex
1014 1930 1076 1993 hac
1108 1930 1182 1994 luce
1214 1932 1367 2014 migravit
1375 1931 1395 1967 “
1405 1930 1440 2012 ⁶).

302 2042 428 2121 „Porro
440 2039 602 2121 Justinus,
623 2040 646 2105 J
648 2042 800 2108 ustiuiani
819 2048 853 2104 et
868 2061 972 2124 nepos
985 2050 1019 2105 ct
1030 2060 1213 2121 successor,
1231 2041 1442 2104 Anastasium

159 2214 163 2225 ,
232 2137 235 2143 ’
303 2170 437 2234 quoque
460 2171 503 2214 ex
526 2148 734 2215 Antiocheno
757 2151 836 2215 sede
860 2150 996 2235 dejecit,
1020 2150 1177 2235 objiciens
1200 2153 1241 2231 ei,
1262 2160 1330 2215 tum
1353 2149 1443 2233 quod

303 2282 429 2327 sacram
452 2264 623 2345 pecuniam
645 2264 677 2325 in
701 2262 947 2345 superfluosae
974 2263 1104 2325 minime
1132 2264 1336 2326 necessarios
1362 2281 1442 2326 usus

300 2372 523 2455 profudisset,
557 2381 626 2436 tum
657 2372 746 2455 quod
778 2375 841 2459 ipsi
876 2375 1077 2437 conviciatus
1108 2381 1206 2437 esset
1249 2372 1334 2436 Nam
1368 2394 1442 2436 cum

301 2484 523 2567 interrogatus
552 2484 671 2547 fuisset
692 2482 907 2565 Anastasius,
941 2505 999 2547 cur
1027 2482 1111 2547 adeo
1143 2484 1280 2567 profuse
1314 2504 1441 2547 sacram

300 2596 470 2677 pecuniam
502 2593 712 2678 dilapidaret,
747 2594 887 2659 disserte
919 2593 1154 2677 responderat,
1184 2616 1225 2659 ne
1256 2617 1277 2659 a
1299 2594 1442 2676 Justiuo,

302 2706 461 2768 communi
490 2713 586 2788 peste
613 2726 652 2769 ac
681 2708 841 2789 pernicie,
876 2704 1082 2789 diriperetur.
1125 2705 1307 2769 Dicebatur
1332 2714 1440 2769 autem

301 2814 450 2880 Justinus
461 2814 584 2881 ideirco
597 2816 743 2881 infensus
755 2817 858 2880 fuisse
868 2815 1058 2912 Anastasio,
1080 2815 1253 2899 quodcum
1270 2818 1439 2901 pecuniam

300 2927 343 2991 ab
367 2947 406 2991 eo
429 2926 472 2989 ad
495 2929 719 3011 episcopatum
748 2935 899 3011 promoto
928 2927 1164 3012 postulavisset
1173 2924 1215 3010 ⁸),
1245 2929 1440 2992 Anastasius

302 3040 332 3101 ei
357 3036 435 3101 dare
458 3036 617 3101 noluerat.
652 3036 900 3122 Objiciebantur
926 3046 1099 3123 praeterea
1126 3037 1232 3101 eidem
1262 3037 1439 3102 Anastasio

301 3150 366 3213 alia
388 3147 567 3231 quaedam,
590 3148 753 3213 nonnullis
776 3148 988 3233 Imperatoris
1016 3152 1189 3233 proposito
1219 3170 1258 3212 ac
1280 3148 1441 3213 voluntati

301 3260 479 3345 gratificari
511 3258 717 3323 studentibus
728 3261 748 3295 “
763 3256 797 3340 7).
842 3258 951 3323 Aliam
984 3280 1116 3323 causam
1150 3259 1247 3323 affert
1275 3258 1440 3323 Henricus

301 3368 454 3435 Valesius
467 3371 501 3433 in
512 3369 775 3435 annotationibus
787 3370 831 3433 ad
842 3369 1021 3435 Historiam
1027 3368 1164 3454 Evagrii
1176 3391 1219 3432 ax
1228 3369 1439 3454 Theophanis

282 3540 285 3547 ,
301 3477 480 3561 Chronico,
496 3481 588 3566 cujus
604 3480 686 3545 haee
702 3489 778 3545 sunt
790 3482 906 3545 verba:
929 3478 1078 3561 „Eodem
1096 3501 1182 3543 anno
1194 3480 1285 3562 (570)
1301 3500 1439 3567 magnus

300 3589 498 3655 Anastasius
521 3589 708 3674 Episcopus
729 3589 970 3671 Antiochenus,
994 3610 1068 3653 oum
1089 3593 1124 3655 in
1145 3594 1358 3675 responsione
1380 3608 1440 3656 sua

268 3732 270 3741 v
300 3699 344 3763 ad
373 3699 548 3785 synodicas
580 3700 737 3785 epistolas
764 3700 1033 3785 reprehendisset
1060 3700 1224 3765 Joaunem
1246 3698 1440 3765 Constanti·

300 3894 776 3901 *mmm-w..
1132 3893 1238 3899 ...α-..η
1243 3895 1254 3897 -
1258 3892 1439 3899 ,οων-...φφ-

371 4026 392 4092 ¹)
411 4022 487 4099 λόγος
499 4024 681 4101 συντακτήριος.
719 4026 740 4093 ²)
760 4027 860 4091 Evagr.
869 4028 917 4077 lib.
927 4029 953 4092 4,
967 4043 1026 4092 cap.
1039 4029 1080 4078 40.
1117 4026 1140 4091 ⁸)
1152 4026 1264 4092 Evagrii
1275 4027 1438 4077 suntverba.

370 4122 392 4187 ⁴)
411 4123 579 4187 Damberger
596 4123 623 4170 in
641 4122 711 4171 Hist.
730 4122 800 4171 med.
820 4124 882 4171 aevi
900 4121 1009 4186 synchr.
1027 4127 1092 4172 tour.
1110 4122 1131 4171 I.
1149 4137 1176 4192 p.
1196 4123 1246 4171 204
1263 4120 1439 4170 Anastasium

300 4234 329 4269 re
347 4234 414 4269 vera
432 4217 491 4281 jam
518 4220 583 4266 tunc
601 4216 755 4266 «Iustiniana
781 4218 932 4279 imperante
955 4219 982 4265 in
1004 4217 1116 4266 exilium
1140 4218 1252 4265 missum
1275 4229 1336 4265 esse
1354 4217 1439 4278 gratis

301 4313 405 4363 asserit.
803 4308 806 4315 ’

369 4405 391 4471 ⁵)
409 4404 509 4470 Evagr.
528 4404 575 4455 lib.
594 4406 622 4468 4,
642 4419 701 4468 cap.
720 4405 762 4454 41.
834 4403 856 4469 ⁸)
876 4404 981 4455 scilicet
999 4419 1082 4468 quum
1099 4403 1220 4454 nondum
1237 4406 1391 4468 imperaret.

254 4522 261 4549 t
370 4498 392 4565 ⁷)
410 4499 509 4565 Evagr.
528 4499 588 4549 libr.
607 4499 637 4565 b,
657 4514 715 4564 cap.
736 4498 759 4549 5.
1062 4482 1070 4489 ’
1289 4510 1293 4515 ’

1590 481 1597 895 1
