3225 5217
282 535 344 598 176

280 697 414 797 πρώτου
433 703 526 785 έτους
548 709 605 774 τοῦ
627 701 711 775 κατὰ
732 701 789 795 τῆν
811 702 886 776 τότε
908 700 1032 799 ἡμέραν
1053 699 1305 798 παρωχηκάιος,
1327 703 1423 798 ῆγουν

280 806 548 907 συμπληριάσεως
568 820 634 886 τοῖν
655 809 881 906 ἑβδομήκοντα
902 809 1025 909 χρόνων
1045 824 1120 908 τῆς
1133 823 1193 887 τοῦ
1220 815 1424 908 άγιοίσματος

280 923 495 1015 ἐρημώσεως,
523 929 580 995 καί
607 923 691 1013 μετά
719 924 759 998 τό
780 928 963 1022 ἐπιτρέψαι
985 911 1042 997 τόν
1064 925 1146 997 λαδν
1167 925 1238 998 α’πδ
1261 931 1317 1021 τῆς
1339 930 1421 1012 αίχ-

280 1038 473 1124 μαλωσίας,
496 1040 552 1107 καί
574 1038 658 1124 μετά
678 1019 717 1108 τίί
740 1040 959 1126 οἰκοδομῆσαι
980 1043 1140 1109 πλατεῖαν
1162 1042 1219 1108 καί
1240 1048 1345 1124 τεῖχος
1366 1041 1422 1108 καί

280 1146 338 1238 τῆν
366 1142 473 1240 πάλην
500 1152 556 1218 καί
583 1148 640 1220 τόν
668 1147 763 1231 ναόν,
800 1153 858 1219 καί
887 1149 971 1237 μετά
1000 1147 1039 1221 τδ
1069 1161 1177 1243 χρῖσαι
1207 1158 1331 1239 χρῖσμα
1364 1153 1418 1220 καί

282 1269 391 1351 χρῖσαι
413 1257 540 1351 Ἰησοῦν
556 1264 578 1348 1)
603 1258 658 1330 τόν
686 1265 746 1330 τοῦ
774 1261 917 1331 Ἰωσεδὲκ
945 1265 994 1350 τῷ
1016 1261 1117 1349 έλαίῳ
1138 1263 1188 1348 τηῖ
1207 1267 1382 1352 μυρεψικηῖ
1404 1258 1425 1329 b*

216 1407 222 1428 ι
281 1365 454 1441 ἐσκεύασεν
476 1367 494 1443 ὁ
514 1367 678 1462 μακάριος
699 1376 858 1463 Μωυσῆς,
881 1375 937 1441 καί
959 1371 1043 1459 μετά
1066 1371 1104 1443 τὸ
1126 1377 1343 1465 πληρωθῆναι
1364 1371 1441 1451 τάς

280 1478 436 1572 έξῆκοντα
472 1478 532 1554 δύο
569 1482 779 1568 ἑβδομάδας,
812 1480 908 1574 ῆγουν
939 1481 981 1554 τά
1012 1478 1210 1574 τετρακόσια
1241 1478 1420 1575 τριάκοντα

281 1597 425 1688 τέσσαρα
447 1593 511 1684 ἔτη,
534 1598 589 1664 καί
612 1601 806 1686 γεννηθῆναι
829 1592 885 1665 τδν
905 1593 1193 1688 προφητευὸμενον
1215 1595 1299 1667 κατά
1318 1593 1425 1690 σάρκα

283 1704 442 1796 Χριστόν,
474 1706 530 1777 τὸν
558 1703 719 1797 ἀληθινὸν
749 1703 822 1777 υὶδν
851 1708 908 1775 καὶ
934 1705 1024 1796 λέγον
1050 1712 1107 1778 τοῦ
1129 1707 1230 1788 Θεοῦ,
1262 1710 1318 1776 καί
1341 1706 1425 1795 μετά

281 1814 319 1889 τδ
341 1818 562 1909 ε’κκενωθῆναι
584 1817 663 1896 τοῖς
690 1816 826 1909 καιροδς
853 1821 908 1886 καί
938 1823 1145 1908 κηρυχθῆναι
1173 1815 1211 1890 τὸ
1237 1817 1424 1912 εὐαγγέλιον
1500 1854 1506 1862 -

282 1930 316 1999 έν
338 1927 404 2018 ὅλῳ
426 1937 474 2019 τῴ
497 1925 627 2019 κόσμῳ,
650 1934 705 2003 καί
727 1930 782 2001 τὸν
805 1926 906 2016 άμνὸν
919 1933 947 2018 ²)
970 1927 1179 2022 οίντίχρισιον
1201 1929 1341 2002 έσεσθαι
1365 1933 1422 1999 καί

282 2047 452 2133 κυριεῦσαι
474 2045 530 2112 καλ
553 2044 693 2134 θλίψεις
715 2039 877 2132 άμέτρους
895 2051 1123 2134 προσαγαγεῖν,
1146 2045 1202 2112 καί
1223 2040 1285 2134 τῆν
1305 2035 1424 2114 τοτ’του
1524 2101 1527 2106 .

184 2191 187 2196 ·
282 2147 409 2244 πλάνην
432 2151 622 2244 κηρίνξουσιν
645 2152 769 2243 ἡμέρας
792 2156 902 2237 χιλίας
922 2137 1096 2232 διακοσίας
1117 2152 1289 2245 έξῆκοντα,
1311 2157 1366 2222 καί
1389 2155 1424 2221 έν

283 2270 331 2352 τηί
353 2263 455 2356 ἣμισυ
476 2271 533 2356 τῆς
554 2264 692 2356 ἐσχάτης
713 2266 903 2351 ἑβδομάδος
924 2264 1007 2352 μετά
1027 2264 1066 2336 τά
1084 2272 1221 2361 κηρῦξαι
1239 2266 1315 2349 τούς
1332 2292 1423 2357 προ-

286 2371 394 2468 φήτας
416 2372 663 2469 ἀναφανήσεται
685 2375 705 2446 o‘
727 2378 950 2471 ἀντίχριστος,
981 2377 1045 2460 ,τδ
1072 2383 1238 2467 βδέλυγμα
1258 2383 1319 2468 τῆς
1341 2379 1423 2470 ε’ρη-

284 2483 425 2572 μιίσεως
446 2485 569 2582 ἡμέρας
591 2490 698 2575 χιλίας
721 2491 897 2567 διακοσίας
917 2483 1119 2584 ἐνενήκοντα,
1143 2493 1199 2558 καί
1221 2487 1382 2580 μακάριος
1405 2484 1422 2557 ὁ

256 2595 467 2685 ’ίπομείνας
495 2601 552 2670 καὶ
583 2598 723 2692 φθάσας
751 2603 799 2682 είς
829 2597 952 2695 ἡμέρας
980 2604 1090 2685 χιλίας
1117 2595 1290 2679 διακοσίας
1322 2598 1423 2690 τριά-

285 2737 383 2782 κοντα
404 2714 517 2783 πέντε1
535 2715 571 2801 ⁹).
618 2704 721 2800 ,Τότε
741 2710 801 2803 γάρ
825 2711 919 2784 ἔσται
941 2716 1068 2804 θλίψις
1089 2712 1214 2805 μεγάλη
1235 2716 1291 2781 καί
1313 2705 1423 2804 ὀδύνη,

286 2823 342 2894 οία
374 2819 414 2893 οὗ
445 2826 569 2915 γέγονεν
601 2822 670 2897 άπὸ
698 2828 886 2916 καταβολῆς
913 2823 1061 2911 κόσμου”ι
1076 2829 1118 2914 ⁴).
1171 2821 1268 2908 Ἐνιδχ
1297 2827 1334 2896 δὲ
1366 2827 1422 2893 καί

284 2932 398 3017 Ἠλίας
420 2937 453 3005 οί
477 2944 649 3028 προφῆται
672 2932 864 3030 κηρύξουσιν
884 2937 943 3027 τῆν
972 2938 1126 3027 δευτέραν
1152 2939 1337 3026 παρουσίαν
1364 2939 1432 3008 τοῦ,

287 3049 425 3138 Κυρίου,
448 3050 718 3140 περιβεβλημένοι
737 3041 885 3133 σάκκους,
908 3045 954 3126 ιδς
974 3049 1154 3141 γέγραπται
1176 3045 1234 3118 διά
1254 3053 1312 3118 τοῦ
1334 3075 1424 3140 προ-

287 3154 411 3249 φῆτου·
447 3162 544 3243 ,Καὶ
576 3157 673 3230 διίσω
701 3169 769 3238 τοῖς
802 3161 877 3228 δυσί
900 3157 1047 3252 μάρτυσί
1067 3188 1131 3246 μου
1158 3163 1213 3229 καί
1235 3150 1425 3252 προφητεά-

287 3293 400 3340 σουσιν
427 3267 551 3361 ἡμέρας
583 3272 695 3355 χιλίας
728 3272 903 3352 διακοσίας
937 3268 1112 3361 ίξῆκοντα,
1151 3274 1425 3362 περιβεβλημένοι

139 3436 147 3449 .
196 3445 203 3466 ,
287 3375 508 3472 σάκκουςΗ),
539 3379 632 3456 καθά
657 3385 713 3452 καὶ
739 3387 787 3472 τῷ
810 3380 934 3475 Δανιῆλ
961 3379 1106 3473 ε’ίρηκεν·
1142 3385 1240 3472 ,Καὶ
1269 3377 1425 3475 διαθῆσει

288 3488 456 3584 διαθήκην
490 3498 625 3572 πολλοῖς
656 3488 828 3581 ἑβδομάδα
861 3496 959 3581 μίαν,
994 3496 1050 3562 καῖ
1088 3493 1121 3564 έν
1153 3499 1203 3583 τῷ
1233 3491 1336 3585 ῆμισυ
1368 3499 1427 3584 τῆς

286 3603 472 3694 ἑβδομάδος
493 3603 676 3700 άρθῆσεται
705 3608 814 3682 θυσία
842 3608 898 3675 καί
929 3603 1078 3696 σπονδῆ(ι
1095 3608 1140 3696 ⁶),
1173 3607 1231 3676 ἵνα
1257 3609 1378 3696 δειχθῇ
1407 3599 1425 3694 ἦ

286 3719 352 3806 μία
379 3717 526 3804 ἑβδομὰς
553 3719 601 3795 είς
629 3715 687 3789 δίιο
721 3718 938 3811 μεριζομένη,
970 3723 1036 3788 τῶν
1063 3720 1123 3805 μέν
1152 3712 1212 3788 δίο
1245 3720 1427 3808 προφητῶν

288 3827 514 3921 κηρυσσόντων
534 3837 602 3908 τοῖς
625 3833 718 3912 λαοῖς
740 3829 796 3920 έτη
817 3833 897 3922 τρία
923 3829 1041 3920 ῆμισυ,
1071 3834 1131 3901 τοῦ
1158 3831 1195 3900 δέ
1224 3825 1430 3922 ἀντιχρίστου

287 3941 325 4012 τό
347 3942 526 4012 ἐπίλοιπον
554 3938 630 4018 τούς
658 3935 769 4032 άγίους
797 3946 1028 4026 πολεμοῖντος.
1074 3941 1148 4010 Καί
1178 3937 1253 4022 τούς
1280 3942 1339 4026 μέν
1368 3937 1427 4008 δίο

288 4047 465 4148 προφῆτας
486 4055 543 4122 καί
565 4046 736 4146 μάρτυρας
758 4049 854 4131 αὐτάς
876 4050 1001 4140 α’νελεῖ,
1023 4050 1077 4124 τόν
1100 4055 1137 4124 δέ
1158 4051 1279 4140 κόσμον
1308 4047 1429 4145 ἐρημίη

346 4397 381 4508 '¹)
400 4441 459 4491 Esr.
478 4442 544 4508 3st
564 4439 681 4509 (vulg).
786 4440 809 4506 ²)
828 4455 862 4491 an
881 4436 980 4492 διινίνῖ
1056 4399 1065 4412 λ
1085 4439 1108 4506 ⁸)
1125 4431 1201 4488 Βανά
1216 4437 1264 4504 12,
1283 4439 1324 4488 11.
1344 4435 1385 4488 12.

360 4534 382 4603 ι)
401 4535 500 4586 Μίνω.
519 4535 567 4602 τι,
587 4521 648 4587 τε·
791 4535 813 4602 ¹)
831 4535 918 4600 τρυε.
939 4537 987 4602 11,
1005 4536 1029 4587 3.
1084 4535 1107 4602 ε)
1124 4535 1193 4587 nan.
1214 4535 1249 4599 ο,
1267 4533 1309 4589 ντ.
