3225 5217
1272 493 1313 558 95

172 673 258 737 iiiios
286 693 353 740 non
380 672 544 757 perituros
576 692 638 757 pro
669 671 819 756 peccatis
848 677 978 754 patrum
1011 639 1144 732 suorum
1162 665 1201 746 ¹),
1234 663 1315 728 mihi

172 783 301 848 videtur
325 783 411 850 tales
432 783 576 848 infantes
597 804 663 848 non
678 783 796 867 conjici
817 784 851 846 in
872 780 1064 866 gehennam.
1097 776 1222 842 Verum
1244 796 1311 840 non

173 894 269 963 dccet
286 893 410 982 judicia
431 895 497 963 Dei
517 896 658 989 seruum
681 893 777 996 velie.

535 1267 754 1352 ourrnsnro
776 1265 960 1334 narnus.

257 1424 380 1493 Omnes
404 1425 615 1512 cupidissime
640 1433 674 1491 et
696 1427 791 1510 quasi
813 1427 937 1512 ingenti
959 1427 1013 1490 siti
1035 1433 1235 1506 aestuantes,
1259 1425 1313 1490 vel

171 1558 286 1624 parum
300 1537 427 1602 discere
450 1546 483 1602 et
505 1546 658 1602 accurate
681 1557 882 1622 cognoscere
905 1545 1015 1620 avent,
1036 1536 1118 1622 quid
1140 1538 1184 1602 sit
1205 1538 1313 1602 anima

170 1649 325 1731 hominis,
359 1649 466 1734 qualis
489 1658 522 1714 et
544 1647 631 1714 unde
654 1647 832 1732 subsistat,
871 1655 904 1714 et
927 1648 1092 1732 quomodo
1115 1651 1148 1712 in
1174 1669 1312 1734 corpore

171 1770 342 1847 operetur,
366 1769 399 1826 et
422 1782 487 1844 quo
509 1768 587 1848 post
608 1763 849 1845 separationem
872 1781 892 1824 a
914 1780 1052 1844 corpore
1074 1759 1181 1826 abeat.

656 1947 827 2033 Responsio

169 2081 262 2165 prius
291 2081 360 2164 agit
390 2075 432 2142 de
461 2077 645 2142 substantia
671 2079 808 2142 animae.
852 2075 984 2142 Deinde
1016 2099 1096 2142 vero
1128 2077 1312 2164 singulares

170 2189 332 2275 quaedam
370 2191 538 2276 opinion'es
576 2188 790 2254 adstruuntur
828 2187 871 2254 de
920 2189 1181 2274 apparitionibus
1225 2188 1312 2258 Snu-

175 2309 302 2366 ctorum
321 2310 355 2366 et
375 2299 416 2366 de
439 2303 625 2388 cognitione
647 2299 814 2364 hominum
838 2299 1066 2366 defunctorum
1089 2310 1189 2386 atquc
1212 2303 1312 2366 etiam

169 2411 213 2478 ad
240 2413 377 2478 alteram
399 2415 500 2477 vitam
530 2413 840 2499 expergefactorum
868 2413 919 2478 his
942 2413 1070 2478 verbis:

257 2505 386 2607 „Nosse
410 2532 541 2608 oportet
558 2545 670 2590 omncs
693 2527 928 2611 apparitiones,
953 2546 1038 2610 quae
1062 2527 1094 2587 in
1115 2524 1246 2609 templis
1277 2531 1311 2588 et

111 2652 115 2660 ’
169 2636 212 2700 ad
246 2635 398 2722 sepulcra
430 2619 624 2702 Sanctorum
658 2641 865 2721 contingunt,
901 2658 963 2723 per
980 2635 1132 2722 angelos
1166 2643 1309 2716 sanctos,

169 2751 331 2836 permissu
352 2747 434 2830 Dei,
465 2749 595 2833 perfici,
629 2770 703 2812 uam
726 2746 992 2833 quomodotficri
1019 2755 1145 2833 potest,
1174 2754 1211 2809 ut
1233 2767 1310 2810 cor-

168 2881 285 2948 porum
307 2863 546 2925 resurrectione
568 2859 707 2925 necdum
728 2868 874 2946 peracta,
897 2859 1094 2942 ossibusque
1113 2867 1147 2923 et
1159 2857 1309 2922 carnibus

169 2971 364 3039 Sanctorum
392 2970 501 3037 adhuc
530 2970 707 3057 dispersis,
737 2971 906 3036 videamus
937 2973 1028 3056 ipsos
1051 2967 1206 3051 Sanctos,
1236 2990 1310 3052 cum

168 3081 332 3148 interdum
362 3085 483 3170 integri
517 3085 578 3147 viri
617 3092 649 3149 et
682 3083 816 3169 quidem
850 3092 1021 3168 equestres
1055 3083 1238 3166 armatique
1271 3100 1308 3144 ac

170 3193 274 3259 oculis
296 3191 470 3259 intuendos
501 3193 679 3280 objiciant?
723 3193 760 3260 Si
786 3195 838 3260 his
867 3193 1092 3260 contradicere
1114 3193 1213 3274 velis,
1245 3190 1309 3274 dic,
1420 3223 1423 3230 =

170 3326 244 3388 oro,
278 3327 344 3389 qua
375 3308 520 3388 ratione,
553 3308 610 3391 qui
638 3327 721 3371 unus
750 3315 801 3371 cst
828 3307 969 3390 Paulus,
1002 3307 1057 3372 vel
1084 3307 1221 3388 Petrus,
1254 3303 1310 3368 vel

169 3413 252 3480 alius
275 3417 456 3501 apostolus,
480 3417 535 3482 vel
559 3426 693 3502 martyr,
717 3417 834 3483 eodem
856 3427 1003 3506 tempore
1023 3415 1205 3502 eademque
1227 3415 1310 3481 hora

169 3527 345 3612 aliquando
376 3528 486 3594 multis
520 3531 554 3598 in
585 3528 667 3594 locis
699 3529 881 3615 appareat?
914 3551 1021 3615 neque
1054 3533 1138 3594 enirn
1171 3526 1309 3614 angelus

169 3647 281 3725 potest
303 3641 398 3706 simul
422 3640 539 3706 eodem
561 3650 725 3707 momento
743 3645 774 3705 in
793 3641 941 3728 pluribus
958 3641 1039 3707 locis
1054 3660 1309 3728 praesensesse,

93 3831 100 3843 Ι
169 3750 228 3816 sed
252 3752 316 3816 hoc
338 3752 400 3816 soli
422 3754 701 3840 incircumscripto
723 3753 797 3819 Deo
821 3757 979 3840 competit
991 3752 1027 3838 ²).
1098 3740 1101 3748 ¹

256 3862 496 3933 Caeterum...
518 3875 703 3952 separatam
725 3887 745 3930 a
764 3859 906 3952 'corpore
932 3869 1072 3930 animam
1094 3862 1310 3929 ratiocinandi

169 3973 327 4039 facultate
356 3973 492 4042 destitui
518 3982 659 4042 testatur
688 3977 806 4042 beat-us
828 3975 957 4059 David,
991 3979 1048 4062 qui
1080 3974 1122 4042 de
1154 3978 1309 4042 mortuis:

239 4403 266 4470 ¹)
282 4403 383 4456 Erech.
403 4407 452 4471 18,
470 4408 518 4470 203
536 4406 619 4458 neue
637 4409 686 4471 24,
705 4410 754 4472 163
772 4407 820 4460 IV.
840 4407 907 4474 ch.
927 4403 974 4474 14,
993 4407 1078 4474 6311.
1097 4407 1159 4460 Par,
1179 4408 1226 4472 25,
1244 4410 1269 4460 4.

240 4497 263 4566 ¹)
281 4497 384 4552 Similis
403 4506 446 4552 est
463 4506 568 4568 quaest
587 4503 621 4552 26
639 4500 674 4552 ad
691 4501 755 4553 Ant
