<?xml version="1.0" encoding="UTF-8"?>
<!DOCTYPE html PUBLIC "-//W3C//DTD XHTML 1.0 Transitional//EN"
    "http://www.w3.org/TR/xhtml1/DTD/xhtml1-transitional.dtd">
<html xmlns="http://www.w3.org/1999/xhtml" xml:lang="en" lang="en">
 <head>
  <title>
</title>
<meta http-equiv="Content-Type" content="text/html;charset=utf-8" />
  <meta name='ocr-system' content='tesseract 3.04.00' />
  <meta name='ocr-capabilities' content='ocr_page ocr_carea ocr_par ocr_line ocrx_word'/>
</head>
<body>
  <div class='ocr_page' id='page_1' title='image "./deanastasiosina00kumpgoog_0123.png"; bbox 0 0 3225 5217; ppageno 0'>
   <div class='ocr_carea' id='block_1_1' title="bbox 1290 515 1330 580">
    <p class='ocr_par' dir='ltr' id='par_1_1' title="bbox 1290 515 1330 580">
     <span class='ocr_line' id='line_1_1' title="bbox 1290 515 1330 580; baseline -0.025 0"><span class='ocrx_word' id='word_1_1' title='bbox 1290 515 1330 580; x_wconf 85' lang='grc'><strong>97</strong></span> 
     </span>
    </p>
   </div>
   <div class='ocr_carea' id='block_1_2' title="bbox 188 689 1333 1340">
    <p class='ocr_par' dir='ltr' id='par_1_2' title="bbox 188 689 1333 1340">
     <span class='ocr_line' id='line_1_2' title="bbox 189 689 1331 774; baseline 0 -20"><span class='ocrx_word' id='word_1_2' title='bbox 189 689 423 756; x_wconf 80' lang='lat' dir='ltr'><strong>detunctorum</strong></span> <span class='ocrx_word' id='word_1_3' title='bbox 441 689 608 772; x_wconf 87' lang='lat' dir='ltr'><strong>dicuntur,</strong></span> <span class='ocrx_word' id='word_1_4' title='bbox 640 691 779 754; x_wconf 84' lang='lat' dir='ltr'><strong>nonita</strong></span> <span class='ocrx_word' id='word_1_5' title='bbox 809 691 990 754; x_wconf 88' lang='lat' dir='ltr'><strong>consonant</strong></span> <span class='ocrx_word' id='word_1_6' title='bbox 1017 709 1124 772; x_wconf 89' lang='lat' dir='ltr'><strong>neque</strong></span> <span class='ocrx_word' id='word_1_7' title='bbox 1154 692 1210 773; x_wconf 80' lang='lat' dir='ltr'><strong>iis,</strong></span> <span class='ocrx_word' id='word_1_8' title='bbox 1244 709 1331 774; x_wconf 88' lang='lat' dir='ltr'><strong>quae</strong></span> 
     </span>
     <span class='ocr_line' id='line_1_3' title="bbox 188 800 1331 890; baseline 0 -23"><span class='ocrx_word' id='word_1_9' title='bbox 188 802 288 888; x_wconf 87' lang='lat' dir='ltr'><strong>paulo</strong></span> <span class='ocrx_word' id='word_1_10' title='bbox 309 810 386 867; x_wconf 83' lang='lat' dir='ltr'><strong>ante</strong></span> <span class='ocrx_word' id='word_1_11' title='bbox 409 805 442 866; x_wconf 91' lang='lat' dir='ltr'><strong>in</strong></span> <span class='ocrx_word' id='word_1_12' title='bbox 465 800 580 866; x_wconf 88' lang='lat' dir='ltr'><strong>eadem</strong></span> <span class='ocrx_word' id='word_1_13' title='bbox 597 803 791 885; x_wconf 76' lang='lat' dir='ltr'><strong>quaestione</strong></span> <span class='ocrx_word' id='word_1_14' title='bbox 814 804 923 886; x_wconf 83' lang='lat' dir='ltr'><strong>posita</strong></span> <span class='ocrx_word' id='word_1_15' title='bbox 945 810 1032 884; x_wconf 86' lang='lat' dir='ltr'><strong>sunt,</strong></span> <span class='ocrx_word' id='word_1_16' title='bbox 1056 823 1208 885; x_wconf 88' lang='lat' dir='ltr'><strong>quaeque</strong></span> <span class='ocrx_word' id='word_1_17' title='bbox 1231 823 1331 890; x_wconf 84' lang='lat' dir='ltr'><strong>supra</strong></span> 
     </span>
     <span class='ocr_line' id='line_1_4' title="bbox 189 915 1331 1000; baseline 0.001 -22"><span class='ocrx_word' id='word_1_18' title='bbox 189 915 331 1000; x_wconf 79' lang='lat' dir='ltr'><strong>allegavi</strong></span> <span class='ocrx_word' id='word_1_19' title='bbox 349 915 399 996; x_wconf 86' lang='lat'><strong>¹)‚·</strong></span> <span class='ocrx_word' id='word_1_20' title='bbox 418 933 525 997; x_wconf 89' lang='lat' dir='ltr'><strong>neque</strong></span> <span class='ocrx_word' id='word_1_21' title='bbox 549 916 645 978; x_wconf 85' lang='lat' dir='ltr'><strong>etiam</strong></span> <span class='ocrx_word' id='word_1_22' title='bbox 675 915 730 995; x_wconf 87' lang='lat' dir='ltr'><strong>iis,</strong></span> <span class='ocrx_word' id='word_1_23' title='bbox 758 934 844 998; x_wconf 89' lang='lat' dir='ltr'><strong>quae</strong></span> <span class='ocrx_word' id='word_1_24' title='bbox 875 917 908 978; x_wconf 92' lang='lat' dir='ltr'><strong>in</strong></span> <span class='ocrx_word' id='word_1_25' title='bbox 939 935 1088 980; x_wconf 80' lang='lat' dir='ltr'><strong>sermone</strong></span> <span class='ocrx_word' id='word_1_26' title='bbox 1110 917 1210 979; x_wconf 87' lang='lat' dir='ltr'><strong>tertio</strong></span> <span class='ocrx_word' id='word_1_27' title='bbox 1233 935 1331 999; x_wconf 88' lang='lat' dir='ltr'><strong>quem</strong></span> 
     </span>
     <span class='ocr_line' id='line_1_5' title="bbox 189 1020 1332 1112; baseline -0.001 -21"><span class='ocrx_word' id='word_1_28' title='bbox 189 1027 261 1091; x_wconf 84' lang='lat' dir='ltr'>dixi</span> <span class='ocrx_word' id='word_1_29' title='bbox 282 1026 477 1091; x_wconf 81' lang='lat' dir='ltr'><strong>Anastasius</strong></span> <span class='ocrx_word' id='word_1_30' title='bbox 506 1027 636 1110; x_wconf 82' lang='lat' dir='ltr'><strong>profert</strong></span> <span class='ocrx_word' id='word_1_31' title='bbox 657 1025 700 1092; x_wconf 89' lang='lat' dir='ltr'><strong>de</strong></span> <span class='ocrx_word' id='word_1_32' title='bbox 730 1020 976 1112; x_wconf 76' lang='lat' dir='ltr'><strong>operationibus</strong></span> <span class='ocrx_word' id='word_1_33' title='bbox 1006 1029 1198 1109; x_wconf 86' lang='lat' dir='ltr'><strong>animarum,</strong></span> <span class='ocrx_word' id='word_1_34' title='bbox 1231 1049 1332 1112; x_wconf 86' lang='lat' dir='ltr'><strong>prae-</strong></span> 
     </span>
     <span class='ocr_line' id='line_1_6' title="bbox 189 1137 1329 1225; baseline 0.002 -22"><span class='ocrx_word' id='word_1_35' title='bbox 189 1142 300 1203; x_wconf 81' lang='lat' dir='ltr'><strong>sertim</strong></span> <span class='ocrx_word' id='word_1_36' title='bbox 319 1141 493 1224; x_wconf 88' lang='lat' dir='ltr'><strong>justorum‚</strong></span> <span class='ocrx_word' id='word_1_37' title='bbox 517 1160 693 1224; x_wconf 90' lang='lat' dir='ltr'><strong>ecorpore</strong></span> <span class='ocrx_word' id='word_1_38' title='bbox 711 1137 965 1225; x_wconf 78' lang='lat' dir='ltr'><strong>egressurum²),</strong></span> <span class='ocrx_word' id='word_1_39' title='bbox 989 1149 1089 1223; x_wconf 89' lang='lat' dir='ltr'><strong>atque</strong></span> <span class='ocrx_word' id='word_1_40' title='bbox 1107 1140 1149 1206; x_wconf 91' lang='lat' dir='ltr'><strong>de</strong></span> <span class='ocrx_word' id='word_1_41' title='bbox 1160 1140 1329 1206; x_wconf 86' lang='lat' dir='ltr'><strong>animabus</strong></span> 
     </span>
     <span class='ocr_line' id='line_1_7' title="bbox 189 1251 1333 1340; baseline 0.003 -26"><span class='ocrx_word' id='word_1_42' title='bbox 189 1253 223 1321; x_wconf 89' lang='lat' dir='ltr'><strong>in</strong></span> <span class='ocrx_word' id='word_1_43' title='bbox 243 1252 370 1317; x_wconf 84' lang='lat' dir='ltr'><strong>inferno</strong></span> <span class='ocrx_word' id='word_1_44' title='bbox 390 1251 514 1340; x_wconf 74' lang='lat' dir='ltr'><strong>Christi</strong></span> <span class='ocrx_word' id='word_1_45' title='bbox 536 1252 815 1338; x_wconf 82' lang='lat' dir='ltr'><strong>praedicationem</strong></span> <span class='ocrx_word' id='word_1_46' title='bbox 838 1251 1008 1317; x_wconf 83' lang='lat' dir='ltr'><strong>intellectu</strong></span> <span class='ocrx_word' id='word_1_47' title='bbox 1032 1261 1065 1316; x_wconf 89' lang='lat' dir='ltr'><strong>et</strong></span> <span class='ocrx_word' id='word_1_48' title='bbox 1086 1252 1190 1318; x_wconf 88' lang='lat' dir='ltr'><strong>libera</strong></span> <span class='ocrx_word' id='word_1_49' title='bbox 1212 1253 1333 1317; x_wconf 90' lang='lat' dir='ltr'><strong>volun-</strong></span> 
     </span>
    </p>
   </div>
   <div class='ocr_carea' id='block_1_3' title="bbox 66 1362 1332 1449">
    <p class='ocr_par' dir='ltr' id='par_1_3' title="bbox 66 1362 1332 1449">
     <span class='ocr_line' id='line_1_8' title="bbox 66 1362 1332 1449; baseline 0.002 -23"><span class='ocrx_word' id='word_1_50' title='bbox 66 1442 68 1445; x_wconf 20' lang='lat'>·</span> <span class='ocrx_word' id='word_1_51' title='bbox 188 1371 257 1426; x_wconf 89' lang='lat' dir='ltr'><strong>tate</strong></span> <span class='ocrx_word' id='word_1_52' title='bbox 270 1363 511 1448; x_wconf 86' lang='lat' dir='ltr'><strong>excipientibus</strong></span> <span class='ocrx_word' id='word_1_53' title='bbox 520 1362 559 1448; x_wconf 71' lang='lat'><strong>⁶).</strong></span> <span class='ocrx_word' id='word_1_54' title='bbox 577 1363 695 1428; x_wconf 88' lang='lat' dir='ltr'><strong>Potius</strong></span> <span class='ocrx_word' id='word_1_55' title='bbox 706 1367 807 1449; x_wconf 86' lang='lat' dir='ltr'><strong>igitur</strong></span> <span class='ocrx_word' id='word_1_56' title='bbox 819 1363 959 1447; x_wconf 80' lang='lat' dir='ltr'><strong>credam,</strong></span> <span class='ocrx_word' id='word_1_57' title='bbox 974 1385 1030 1430; x_wconf 86' lang='lat' dir='ltr'><strong>eas</strong></span> <span class='ocrx_word' id='word_1_58' title='bbox 1045 1366 1214 1448; x_wconf 85' lang='lat' dir='ltr'><strong>opiniones</strong></span> <span class='ocrx_word' id='word_1_59' title='bbox 1227 1367 1332 1430; x_wconf 88' lang='lat' dir='ltr'><strong>inter-</strong></span> 
     </span>
    </p>
   </div>
   <div class='ocr_carea' id='block_1_4' title="bbox 188 1473 1330 1568">
    <p class='ocr_par' dir='ltr' id='par_1_4' title="bbox 188 1473 1330 1568">
     <span class='ocr_line' id='line_1_9' title="bbox 188 1473 1330 1568; baseline 0.005 -29"><span class='ocrx_word' id='word_1_60' title='bbox 188 1473 319 1560; x_wconf 81' lang='lat' dir='ltr'><strong>polatas</strong></span> <span class='ocrx_word' id='word_1_61' title='bbox 337 1497 421 1541; x_wconf 83' lang='lat' dir='ltr'><strong>esse</strong></span> <span class='ocrx_word' id='word_1_62' title='bbox 450 1475 538 1542; x_wconf 86' lang='lat' dir='ltr'><strong>Sane</strong></span> <span class='ocrx_word' id='word_1_63' title='bbox 550 1478 649 1540; x_wconf 89' lang='lat' dir='ltr'><strong>etiam</strong></span> <span class='ocrx_word' id='word_1_64' title='bbox 664 1486 799 1541; x_wconf 80' lang='lat' dir='ltr'><strong>exstant</strong></span> <span class='ocrx_word' id='word_1_65' title='bbox 816 1477 848 1540; x_wconf 93' lang='lat' dir='ltr'><strong>in</strong></span> <span class='ocrx_word' id='word_1_66' title='bbox 860 1478 1107 1568; x_wconf 80' lang='lat' dir='ltr'><strong>quaestionibus</strong></span> <span class='ocrx_word' id='word_1_67' title='bbox 1122 1477 1166 1543; x_wconf 83' lang='lat' dir='ltr'><strong>ad</strong></span> <span class='ocrx_word' id='word_1_68' title='bbox 1177 1476 1330 1545; x_wconf 90' lang='lat' dir='ltr'><strong>Antioch.</strong></span> 
     </span>
    </p>
   </div>
   <div class='ocr_carea' id='block_1_5' title="bbox 77 1587 1333 1678">
    <p class='ocr_par' dir='ltr' id='par_1_5' title="bbox 77 1587 1333 1678">
     <span class='ocr_line' id='line_1_10' title="bbox 77 1587 1333 1678; baseline 0.001 -27"><span class='ocrx_word' id='word_1_69' title='bbox 77 1616 85 1621; x_wconf 94' lang='lat'>·</span> <span class='ocrx_word' id='word_1_70' title='bbox 152 1666 154 1675; x_wconf 20' lang='lat' dir='ltr'><em>s</em></span> <span class='ocrx_word' id='word_1_71' title='bbox 189 1587 250 1652; x_wconf 91' lang='lat' dir='ltr'><strong>sub</strong></span> <span class='ocrx_word' id='word_1_72' title='bbox 262 1609 348 1664; x_wconf 79' lang='lat' dir='ltr'><strong>num</strong></span> <span class='ocrx_word' id='word_1_73' title='bbox 362 1589 413 1670; x_wconf 79' lang='lat'><strong>22,</strong></span> <span class='ocrx_word' id='word_1_74' title='bbox 426 1589 479 1668; x_wconf 74' lang='lat'><strong>23,</strong></span> <span class='ocrx_word' id='word_1_75' title='bbox 491 1589 542 1669; x_wconf 79' lang='lat'><strong>24,</strong></span> <span class='ocrx_word' id='word_1_76' title='bbox 556 1589 608 1678; x_wconf 74' lang='grc'><strong>99,</strong></span> <span class='ocrx_word' id='word_1_77' title='bbox 621 1587 680 1652; x_wconf 88' lang='lat' dir='ltr'><strong>sed</strong></span> <span class='ocrx_word' id='word_1_78' title='bbox 692 1589 737 1652; x_wconf 93' lang='lat' dir='ltr'><strong>ibi</strong></span> <span class='ocrx_word' id='word_1_79' title='bbox 752 1589 900 1657; x_wconf 86' lang='lat' dir='ltr'><strong>nonnihil</strong></span> <span class='ocrx_word' id='word_1_80' title='bbox 915 1589 1098 1654; x_wconf 87' lang='lat' dir='ltr'><strong>deteriores</strong></span> <span class='ocrx_word' id='word_1_81' title='bbox 1114 1598 1214 1673; x_wconf 89' lang='lat' dir='ltr'><strong>atque</strong></span> <span class='ocrx_word' id='word_1_82' title='bbox 1227 1588 1333 1653; x_wconf 86' lang='lat' dir='ltr'><strong>insul-</strong></span> 
     </span>
    </p>
   </div>
   <div class='ocr_carea' id='block_1_6' title="bbox 186 1685 1334 2570">
    <p class='ocr_par' dir='ltr' id='par_1_6' title="bbox 186 1685 1334 2570">
     <span class='ocr_line' id='line_1_11' title="bbox 189 1685 1331 1786; baseline 0.001 -23"><span class='ocrx_word' id='word_1_83' title='bbox 189 1701 303 1764; x_wconf 87' lang='lat' dir='ltr'><strong>siores.</strong></span> <span class='ocrx_word' id='word_1_84' title='bbox 325 1698 466 1764; x_wconf 84' lang='lat' dir='ltr'><strong>Accedit</strong></span> <span class='ocrx_word' id='word_1_85' title='bbox 479 1698 567 1783; x_wconf 90' lang='lat' dir='ltr'><strong>quod</strong></span> <span class='ocrx_word' id='word_1_86' title='bbox 579 1685 643 1764; x_wconf 87' lang='lat' dir='ltr'><strong>hae</strong></span> <span class='ocrx_word' id='word_1_87' title='bbox 653 1701 823 1784; x_wconf 87' lang='lat' dir='ltr'><strong>opiniones</strong></span> <span class='ocrx_word' id='word_1_88' title='bbox 835 1699 878 1764; x_wconf 87' lang='lat' dir='ltr'><strong>ad</strong></span> <span class='ocrx_word' id='word_1_89' title='bbox 892 1704 1116 1784; x_wconf 89' lang='lat' dir='ltr'><strong>quaestionem</strong></span> <span class='ocrx_word' id='word_1_90' title='bbox 1129 1704 1331 1786; x_wconf 76' lang='lat' dir='ltr'><strong>propositam</strong></span> 
     </span>
     <span class='ocr_line' id='line_1_12' title="bbox 188 1810 1332 1898; baseline 0.003 -25"><span class='ocrx_word' id='word_1_91' title='bbox 188 1832 254 1874; x_wconf 93' lang='lat' dir='ltr'><strong>non</strong></span> <span class='ocrx_word' id='word_1_92' title='bbox 272 1810 357 1876; x_wconf 86' lang='lat' dir='ltr'><strong>adeo</strong></span> <span class='ocrx_word' id='word_1_93' title='bbox 379 1820 539 1896; x_wconf 84' lang='lat' dir='ltr'><strong>spectant</strong></span> <span class='ocrx_word' id='word_1_94' title='bbox 573 1810 697 1876; x_wconf 86' lang='lat' dir='ltr'><strong>Contra</strong></span> <span class='ocrx_word' id='word_1_95' title='bbox 719 1816 921 1895; x_wconf 85' lang='lat' dir='ltr'><strong>quaestionis</strong></span> <span class='ocrx_word' id='word_1_96' title='bbox 935 1815 985 1877; x_wconf 83' lang='lat'><strong>91.</strong></span> <span class='ocrx_word' id='word_1_97' title='bbox 1008 1834 1086 1898; x_wconf 84' lang='lat' dir='ltr'><strong>pars</strong></span> <span class='ocrx_word' id='word_1_98' title='bbox 1108 1813 1222 1896; x_wconf 85' lang='lat' dir='ltr'><strong>alteru,</strong></span> <span class='ocrx_word' id='word_1_99' title='bbox 1246 1833 1332 1897; x_wconf 88' lang='lat' dir='ltr'><strong>quae</strong></span> 
     </span>
     <span class='ocr_line' id='line_1_13' title="bbox 186 1915 1332 2014; baseline 0.003 -30"><span class='ocrx_word' id='word_1_100' title='bbox 186 1923 302 2008; x_wconf 83' lang='lat' dir='ltr'><strong>incipit</strong></span> <span class='ocrx_word' id='word_1_101' title='bbox 330 1921 391 1987; x_wconf 85' lang='lat' dir='ltr'><strong>col.</strong></span> <span class='ocrx_word' id='word_1_102' title='bbox 421 1925 484 1986; x_wconf 71' lang='lat'><strong>724</strong></span> <span class='ocrx_word' id='word_1_103' title='bbox 511 1922 557 1987; x_wconf 86' lang='lat' dir='ltr'><strong>B:</strong></span> <span class='ocrx_word' id='word_1_104' title='bbox 595 1915 718 2010; x_wconf 63' lang='lat' dir='ltr'><strong>„ilitio</strong></span> <span class='ocrx_word' id='word_1_105' title='bbox 746 1922 803 1988; x_wconf 62' lang='lat' dir='ltr'><strong>sat</strong></span> <span class='ocrx_word' id='word_1_106' title='bbox 834 1922 870 1989; x_wconf 83' lang='grc' dir='ltr'><strong>αἱ</strong></span> <span class='ocrx_word' id='word_1_107' title='bbox 889 1925 966 1990; x_wconf 76' lang='grc' dir='ltr'><strong>’τῶν</strong></span> <span class='ocrx_word' id='word_1_108' title='bbox 996 1917 1202 2014; x_wconf 72' lang='grc' dir='ltr'><em>ἁμαρτωλῶν</em></span> <span class='ocrx_word' id='word_1_109' title='bbox 1228 1924 1332 2009; x_wconf 79' lang='grc' dir='ltr'><strong><em>ψυχαὶ</em></strong></span> 
     </span>
     <span class='ocr_line' id='line_1_14' title="bbox 188 2034 1334 2123; baseline 0.006 -29"><span class='ocrx_word' id='word_1_110' title='bbox 188 2056 218 2096; x_wconf 79' lang='grc' dir='ltr'><strong>κ.</strong></span> <span class='ocrx_word' id='word_1_111' title='bbox 241 2058 270 2099; x_wconf 80' lang='lat' dir='ltr'><strong>r.</strong></span> <span class='ocrx_word' id='word_1_112' title='bbox 294 2034 352 2103; x_wconf 83' lang='grc' dir='ltr'><strong>λ.“</strong></span> <span class='ocrx_word' id='word_1_113' title='bbox 374 2057 440 2100; x_wconf 86' lang='lat' dir='ltr'><strong>uon</strong></span> <span class='ocrx_word' id='word_1_114' title='bbox 462 2043 591 2120; x_wconf 82' lang='lat' dir='ltr'><strong>spectat</strong></span> <span class='ocrx_word' id='word_1_115' title='bbox 613 2035 657 2099; x_wconf 87' lang='lat' dir='ltr'><strong>ad</strong></span> <span class='ocrx_word' id='word_1_116' title='bbox 678 2038 904 2120; x_wconf 88' lang='lat' dir='ltr'><strong>quaestionem</strong></span> <span class='ocrx_word' id='word_1_117' title='bbox 928 2039 994 2119; x_wconf 64' lang='lat'><strong>91„</strong></span> <span class='ocrx_word' id='word_1_118' title='bbox 1026 2047 1062 2102; x_wconf 89' lang='lat' dir='ltr'><strong>ut</strong></span> <span class='ocrx_word' id='word_1_119' title='bbox 1085 2039 1188 2102; x_wconf 85' lang='lat' dir='ltr'><strong>cuivis</strong></span> <span class='ocrx_word' id='word_1_120' title='bbox 1210 2037 1334 2123; x_wconf 83' lang='lat' dir='ltr'><strong>legenti</strong></span> 
     </span>
     <span class='ocr_line' id='line_1_15' title="bbox 188 2145 1333 2235; baseline 0.003 -27"><span class='ocrx_word' id='word_1_121' title='bbox 188 2145 286 2211; x_wconf 83' lang='lat' dir='ltr'><strong>facile</strong></span> <span class='ocrx_word' id='word_1_122' title='bbox 309 2147 453 2231; x_wconf 87' lang='lat' dir='ltr'><strong>patebit,</strong></span> <span class='ocrx_word' id='word_1_123' title='bbox 476 2147 536 2212; x_wconf 88' lang='lat' dir='ltr'><strong>sed</strong></span> <span class='ocrx_word' id='word_1_124' title='bbox 559 2150 670 2232; x_wconf 89' lang='lat' dir='ltr'><strong>potius</strong></span> <span class='ocrx_word' id='word_1_125' title='bbox 692 2148 735 2212; x_wconf 89' lang='lat' dir='ltr'><strong>ad</strong></span> <span class='ocrx_word' id='word_1_126' title='bbox 757 2151 986 2232; x_wconf 87' lang='lat' dir='ltr'><strong>quaestionem</strong></span> <span class='ocrx_word' id='word_1_127' title='bbox 1008 2151 1077 2229; x_wconf 83' lang='lat'><strong>89.‚</strong></span> <span class='ocrx_word' id='word_1_128' title='bbox 1105 2152 1152 2214; x_wconf 84' lang='lat' dir='ltr'><strong>itu</strong></span> <span class='ocrx_word' id='word_1_129' title='bbox 1173 2158 1210 2213; x_wconf 92' lang='lat' dir='ltr'><strong>ut</strong></span> <span class='ocrx_word' id='word_1_130' title='bbox 1232 2151 1333 2235; x_wconf 84' lang='lat' dir='ltr'><strong>priori</strong></span> 
     </span>
     <span class='ocr_line' id='line_1_16' title="bbox 188 2251 1330 2348; baseline 0.004 -27"><span class='ocrx_word' id='word_1_131' title='bbox 188 2253 274 2342; x_wconf 73' lang='lat' dir='ltr'><strong>pa‘rti</strong></span> <span class='ocrx_word' id='word_1_132' title='bbox 312 2263 513 2343; x_wconf 85' lang='lat' dir='ltr'><strong>quaestionis</strong></span> <span class='ocrx_word' id='word_1_133' title='bbox 548 2262 602 2327; x_wconf 88' lang='grc'><strong>89.</strong></span> <span class='ocrx_word' id='word_1_134' title='bbox 633 2260 803 2346; x_wconf 87' lang='lat' dir='ltr'><strong>jungenda</strong></span> <span class='ocrx_word' id='word_1_135' title='bbox 847 2263 890 2326; x_wconf 89' lang='lat' dir='ltr'><strong>sit</strong></span> <span class='ocrx_word' id='word_1_136' title='bbox 931 2251 1133 2345; x_wconf 85' lang='lat' dir='ltr'><strong>quaestionis</strong></span> <span class='ocrx_word' id='word_1_137' title='bbox 1168 2263 1218 2329; x_wconf 88' lang='grc'><strong>91.</strong></span> <span class='ocrx_word' id='word_1_138' title='bbox 1252 2283 1330 2348; x_wconf 89' lang='lat' dir='ltr'><strong>pars</strong></span> 
     </span>
     <span class='ocr_line' id='line_1_17' title="bbox 189 2371 1332 2459; baseline 0.002 -25"><span class='ocrx_word' id='word_1_139' title='bbox 189 2373 361 2456; x_wconf 88' lang='lat' dir='ltr'><strong>posterior.</strong></span> <span class='ocrx_word' id='word_1_140' title='bbox 410 2371 450 2436; x_wconf 91' lang='lat' dir='ltr'><strong>In</strong></span> <span class='ocrx_word' id='word_1_141' title='bbox 484 2371 601 2436; x_wconf 88' lang='lat' dir='ltr'><strong>codice</strong></span> <span class='ocrx_word' id='word_1_142' title='bbox 631 2381 740 2436; x_wconf 88' lang='lat' dir='ltr'><strong>autem</strong></span> <span class='ocrx_word' id='word_1_143' title='bbox 769 2371 931 2438; x_wconf 86' lang='lat' dir='ltr'><strong>Bavarico</strong></span> <span class='ocrx_word' id='word_1_144' title='bbox 963 2382 1079 2437; x_wconf 88' lang='lat' dir='ltr'><strong>neutra</strong></span> <span class='ocrx_word' id='word_1_145' title='bbox 1108 2375 1176 2459; x_wconf 88' lang='lat' dir='ltr'><strong>jam</strong></span> <span class='ocrx_word' id='word_1_146' title='bbox 1212 2381 1332 2438; x_wconf 86' lang='lat' dir='ltr'><strong>exstat.</strong></span> 
     </span>
     <span class='ocr_line' id='line_1_18' title="bbox 189 2475 1330 2570; baseline 0.003 -25"><span class='ocrx_word' id='word_1_147' title='bbox 189 2481 340 2567; x_wconf 85' lang='lat' dir='ltr'><strong>Apparet</strong></span> <span class='ocrx_word' id='word_1_148' title='bbox 362 2503 460 2569; x_wconf 76' lang='lat' dir='ltr'><strong>ergo,</strong></span> <span class='ocrx_word' id='word_1_149' title='bbox 492 2505 558 2548; x_wconf 91' lang='lat' dir='ltr'><strong>non</strong></span> <span class='ocrx_word' id='word_1_150' title='bbox 592 2484 757 2567; x_wconf 89' lang='lat' dir='ltr'><strong>quaslibet</strong></span> <span class='ocrx_word' id='word_1_151' title='bbox 783 2475 905 2548; x_wconf 75' lang='lat' dir='ltr'><strong>harum</strong></span> <span class='ocrx_word' id='word_1_152' title='bbox 937 2488 1187 2570; x_wconf 87' lang='lat' dir='ltr'><strong>responsionum</strong></span> <span class='ocrx_word' id='word_1_153' title='bbox 1216 2494 1330 2570; x_wconf 85' lang='lat' dir='ltr'><strong>partes</strong></span> 
     </span>
    </p>
   </div>
   <div class='ocr_carea' id='block_1_7' title="bbox 90 2595 1331 2681">
    <p class='ocr_par' dir='ltr' id='par_1_7' title="bbox 90 2595 1331 2681">
     <span class='ocr_line' id='line_1_19' title="bbox 90 2595 1331 2681; baseline 0.003 -23"><span class='ocrx_word' id='word_1_154' title='bbox 90 2612 93 2618; x_wconf 84' lang='lat'>·</span> <span class='ocrx_word' id='word_1_155' title='bbox 188 2603 344 2677; x_wconf 87' lang='lat' dir='ltr'><strong>tunquam</strong></span> <span class='ocrx_word' id='word_1_156' title='bbox 366 2597 524 2680; x_wconf 82' lang='lat' dir='ltr'><strong>genuinas</strong></span> <span class='ocrx_word' id='word_1_157' title='bbox 546 2598 618 2660; x_wconf 85' lang='lat' dir='ltr'><strong>sive</strong></span> <span class='ocrx_word' id='word_1_158' title='bbox 640 2596 788 2681; x_wconf 87' lang='lat' dir='ltr'><strong>ejusdem</strong></span> <span class='ocrx_word' id='word_1_159' title='bbox 819 2599 963 2662; x_wconf 87' lang='lat' dir='ltr'><strong>auctoris</strong></span> <span class='ocrx_word' id='word_1_160' title='bbox 991 2595 1212 2662; x_wconf 77' lang='lat' dir='ltr'><strong>admittendas</strong></span> <span class='ocrx_word' id='word_1_161' title='bbox 1246 2617 1331 2679; x_wconf 85' lang='lat' dir='ltr'><strong>esse,</strong></span> 
     </span>
    </p>
   </div>
   <div class='ocr_carea' id='block_1_8' title="bbox 188 2705 1330 2796">
    <p class='ocr_par' dir='ltr' id='par_1_8' title="bbox 188 2705 1330 2796">
     <span class='ocr_line' id='line_1_20' title="bbox 188 2705 1330 2796; baseline 0.004 -27"><span class='ocrx_word' id='word_1_162' title='bbox 188 2705 278 2770; x_wconf 84' lang='lat' dir='ltr'><strong>nullu</strong></span> <span class='ocrx_word' id='word_1_163' title='bbox 294 2705 521 2791; x_wconf 89' lang='lat' dir='ltr'><strong>disquisitione</strong></span> <span class='ocrx_word' id='word_1_164' title='bbox 537 2707 659 2788; x_wconf 84' lang='lat' dir='ltr'><strong>habita,</strong></span> <span class='ocrx_word' id='word_1_165' title='bbox 682 2708 742 2773; x_wconf 90' lang='lat' dir='ltr'><strong>sed</strong></span> <span class='ocrx_word' id='word_1_166' title='bbox 756 2730 839 2794; x_wconf 88' lang='lat' dir='ltr'><strong>opus</strong></span> <span class='ocrx_word' id='word_1_167' title='bbox 857 2730 930 2774; x_wconf 88' lang='lat' dir='ltr'><strong>csse</strong></span> <span class='ocrx_word' id='word_1_168' title='bbox 946 2731 1066 2796; x_wconf 81' lang='lat' dir='ltr'><strong>magna</strong></span> <span class='ocrx_word' id='word_1_169' title='bbox 1081 2711 1330 2775; x_wconf 86' lang='lat' dir='ltr'><strong>examinatione.</strong></span> 
     </span>
    </p>
   </div>
   <div class='ocr_carea' id='block_1_9' title="bbox 585 3015 946 3100">
    <p class='ocr_par' dir='ltr' id='par_1_9' title="bbox 585 3015 946 3100">
     <span class='ocr_line' id='line_1_21' title="bbox 585 3015 946 3100; baseline 0 -19"><span class='ocrx_word' id='word_1_170' title='bbox 585 3015 806 3100; x_wconf 69' lang='lat' dir='ltr'><strong>Quansmo</strong></span> <span class='ocrx_word' id='word_1_171' title='bbox 827 3017 946 3082; x_wconf 66' lang='lat' dir='ltr'><strong>ncne</strong></span> 
     </span>
    </p>
   </div>
   <div class='ocr_carea' id='block_1_10' title="bbox 191 3155 1334 3466">
    <p class='ocr_par' dir='ltr' id='par_1_10' title="bbox 191 3155 1334 3466">
     <span class='ocr_line' id='line_1_22' title="bbox 196 3155 1333 3242; baseline 0.002 -22"><span class='ocrx_word' id='word_1_172' title='bbox 196 3196 199 3200; x_wconf 92' lang='lat'>-</span> <span class='ocrx_word' id='word_1_173' title='bbox 277 3155 366 3235; x_wconf 83' lang='lat' dir='ltr'><strong>Quid</strong></span> <span class='ocrx_word' id='word_1_174' title='bbox 388 3164 440 3221; x_wconf 83' lang='lat' dir='ltr'><strong>est</strong></span> <span class='ocrx_word' id='word_1_175' title='bbox 462 3156 686 3221; x_wconf 85' lang='lat' dir='ltr'><strong>indesinenter</strong></span> <span class='ocrx_word' id='word_1_176' title='bbox 706 3155 831 3232; x_wconf 14' lang='lat' dir='ltr'><strong>oraret*</strong></span> <span class='ocrx_word' id='word_1_177' title='bbox 864 3155 983 3239; x_wconf 87' lang='lat' dir='ltr'><strong>Neque</strong></span> <span class='ocrx_word' id='word_1_178' title='bbox 1008 3158 1092 3223; x_wconf 88' lang='lat' dir='ltr'><strong>enim</strong></span> <span class='ocrx_word' id='word_1_179' title='bbox 1119 3157 1191 3220; x_wconf 82' lang='lat' dir='ltr'><strong>lieri</strong></span> <span class='ocrx_word' id='word_1_180' title='bbox 1212 3165 1333 3242; x_wconf 86' lang='lat' dir='ltr'><strong>potest,</strong></span> 
     </span>
     <span class='ocr_line' id='line_1_23' title="bbox 191 3267 1334 3336; baseline 0.003 -4"><span class='ocrx_word' id='word_1_181' title='bbox 191 3276 229 3332; x_wconf 93' lang='lat' dir='ltr'><strong>ut</strong></span> <span class='ocrx_word' id='word_1_182' title='bbox 249 3269 347 3332; x_wconf 88' lang='lat' dir='ltr'><strong>homo</strong></span> <span class='ocrx_word' id='word_1_183' title='bbox 369 3272 418 3332; x_wconf 92' lang='lat' dir='ltr'><strong>rei</strong></span> <span class='ocrx_word' id='word_1_184' title='bbox 439 3269 609 3334; x_wconf 81' lang='lat' dir='ltr'><strong>fa&#39;milioris</strong></span> <span class='ocrx_word' id='word_1_185' title='bbox 632 3277 666 3333; x_wconf 92' lang='lat' dir='ltr'><strong>et</strong></span> <span class='ocrx_word' id='word_1_186' title='bbox 688 3268 828 3332; x_wconf 88' lang='lat' dir='ltr'><strong>filiorum</strong></span> <span class='ocrx_word' id='word_1_187' title='bbox 847 3290 926 3334; x_wconf 84' lang='lat' dir='ltr'><strong>cura</strong></span> <span class='ocrx_word' id='word_1_188' title='bbox 942 3267 1094 3334; x_wconf 85' lang='lat' dir='ltr'><strong>detentus</strong></span> <span class='ocrx_word' id='word_1_189' title='bbox 1114 3277 1147 3333; x_wconf 94' lang='lat' dir='ltr'><strong>et</strong></span> <span class='ocrx_word' id='word_1_190' title='bbox 1163 3270 1196 3334; x_wconf 91' lang='lat' dir='ltr'><strong>in</strong></span> <span class='ocrx_word' id='word_1_191' title='bbox 1212 3267 1334 3336; x_wconf 86' lang='lat' dir='ltr'><strong>mundo.</strong></span> 
     </span>
     <span class='ocr_line' id='line_1_24' title="bbox 192 3355 928 3466; baseline 0 -23"><span class='ocrx_word' id='word_1_192' title='bbox 192 3378 335 3465; x_wconf 82' lang='lat' dir='ltr'><strong>degens,</strong></span> <span class='ocrx_word' id='word_1_193' title='bbox 357 3380 484 3466; x_wconf 88' lang='lat' dir='ltr'><strong>absque</strong></span> <span class='ocrx_word' id='word_1_194' title='bbox 506 3383 746 3446; x_wconf 89' lang='lat' dir='ltr'><strong>intermissione</strong></span> <span class='ocrx_word' id='word_1_195' title='bbox 770 3390 850 3445; x_wconf 90' lang='lat' dir='ltr'><strong>oret.</strong></span> <span class='ocrx_word' id='word_1_196' title='bbox 864 3355 880 3398; x_wconf 48' lang='lat'><em>⁷</em></span> <span class='ocrx_word' id='word_1_197' title='bbox 923 3381 928 3388; x_wconf 82' lang='grc'><em>’</em></span> 
     </span>
    </p>
   </div>
   <div class='ocr_carea' id='block_1_11' title="bbox 673 3586 855 3671">
    <p class='ocr_par' dir='ltr' id='par_1_11' title="bbox 673 3586 855 3671">
     <span class='ocr_line' id='line_1_25' title="bbox 673 3586 855 3671; baseline 0.011 -21"><span class='ocrx_word' id='word_1_198' title='bbox 673 3586 855 3671; x_wconf 82' lang='lat' dir='ltr'><strong>Responsio.</strong></span> 
     </span>
    </p>
   </div>
   <div class='ocr_carea' id='block_1_12' title="bbox 192 3693 1442 4140">
    <p class='ocr_par' dir='ltr' id='par_1_12' title="bbox 192 3693 1442 4140">
     <span class='ocr_line' id='line_1_26' title="bbox 277 3693 1442 3802; baseline 0.003 -23"><span class='ocrx_word' id='word_1_199' title='bbox 277 3714 360 3781; x_wconf 81' lang='lat' dir='ltr'><strong>Non</strong></span> <span class='ocrx_word' id='word_1_200' title='bbox 384 3715 550 3780; x_wconf 80' lang='lat' dir='ltr'><strong>intellexit</strong></span> <span class='ocrx_word' id='word_1_201' title='bbox 578 3717 642 3780; x_wconf 86' lang='lat' dir='ltr'><strong>hoo</strong></span> <span class='ocrx_word' id='word_1_202' title='bbox 663 3693 847 3802; x_wconf 69' lang='lat' dir='ltr'><strong>Apostolus</strong></span> <span class='ocrx_word' id='word_1_203' title='bbox 877 3717 919 3782; x_wconf 90' lang='lat' dir='ltr'><strong>de</strong></span> <span class='ocrx_word' id='word_1_204' title='bbox 949 3717 1021 3784; x_wconf 84' lang='lat' dir='ltr'><strong>sula</strong></span> <span class='ocrx_word' id='word_1_205' title='bbox 1051 3720 1214 3801; x_wconf 80' lang='lat' dir='ltr'><strong>oratione,</strong></span> <span class='ocrx_word' id='word_1_206' title='bbox 1246 3738 1332 3802; x_wconf 83' lang='lat' dir='ltr'><strong>quae</strong></span> <span class='ocrx_word' id='word_1_207' title='bbox 1394 3785 1399 3796; x_wconf 67' lang='grc'><strong>,</strong></span> <span class='ocrx_word' id='word_1_208' title='bbox 1439 3765 1442 3772; x_wconf 93' lang='lat'>.</span> 
     </span>
     <span class='ocr_line' id='line_1_27' title="bbox 192 3827 1336 3914; baseline 0.003 -23"><span class='ocrx_word' id='word_1_209' title='bbox 192 3849 275 3892; x_wconf 90' lang='lat' dir='ltr'><strong>voce</strong></span> <span class='ocrx_word' id='word_1_210' title='bbox 304 3827 482 3913; x_wconf 84' lang='lat' dir='ltr'><strong>perficitur.</strong></span> <span class='ocrx_word' id='word_1_211' title='bbox 527 3827 612 3893; x_wconf 86' lang='lat' dir='ltr'><strong>Nam</strong></span> <span class='ocrx_word' id='word_1_212' title='bbox 646 3838 679 3895; x_wconf 87' lang='lat' dir='ltr'><strong>et</strong></span> <span class='ocrx_word' id='word_1_213' title='bbox 708 3829 858 3894; x_wconf 91' lang='lat' dir='ltr'><strong>Christus</strong></span> <span class='ocrx_word' id='word_1_214' title='bbox 892 3833 953 3894; x_wconf 86' lang='lat' dir='ltr'><strong>ait:</strong></span> <span class='ocrx_word' id='word_1_215' title='bbox 988 3829 1091 3912; x_wconf 90' lang='lat' dir='ltr'><strong>„Non</strong></span> <span class='ocrx_word' id='word_1_216' title='bbox 1126 3833 1246 3914; x_wconf 88' lang='lat' dir='ltr'><strong>omnis,</strong></span> <span class='ocrx_word' id='word_1_217' title='bbox 1278 3832 1336 3914; x_wconf 89' lang='lat' dir='ltr'><strong>qui</strong></span> 
     </span>
     <span class='ocr_line' id='line_1_28' title="bbox 193 3938 1334 4032; baseline 0.001 -28"><span class='ocrx_word' id='word_1_218' title='bbox 193 3938 272 4004; x_wconf 90' lang='lat' dir='ltr'><strong>dicit</strong></span> <span class='ocrx_word' id='word_1_219' title='bbox 293 3941 388 4004; x_wconf 86' lang='lat' dir='ltr'><strong>mihi:</strong></span> <span class='ocrx_word' id='word_1_220' title='bbox 411 3941 589 4025; x_wconf 81' lang='lat' dir='ltr'><strong>„Domine,</strong></span> <span class='ocrx_word' id='word_1_221' title='bbox 610 3943 763 4024; x_wconf 83' lang='lat' dir='ltr'><strong>Domine,</strong></span> <span class='ocrx_word' id='word_1_222' title='bbox 785 3942 920 4007; x_wconf 87' lang='lat' dir='ltr'><strong>intrabit</strong></span> <span class='ocrx_word' id='word_1_223' title='bbox 943 3945 975 4006; x_wconf 91' lang='lat' dir='ltr'><strong>in</strong></span> <span class='ocrx_word' id='word_1_224' title='bbox 997 3964 1134 4027; x_wconf 86' lang='lat' dir='ltr'><strong>regnum</strong></span> <span class='ocrx_word' id='word_1_225' title='bbox 1158 3942 1334 4032; x_wconf 77' lang='lat' dir='ltr'><strong>coelorum,</strong></span> 
     </span>
     <span class='ocr_line' id='line_1_29' title="bbox 193 4041 1403 4140; baseline 0 -24"><span class='ocrx_word' id='word_1_226' title='bbox 193 4051 253 4116; x_wconf 87' lang='lat' dir='ltr'><strong>sed</strong></span> <span class='ocrx_word' id='word_1_227' title='bbox 275 4055 334 4135; x_wconf 89' lang='lat' dir='ltr'><strong>qui</strong></span> <span class='ocrx_word' id='word_1_228' title='bbox 362 4052 443 4117; x_wconf 83' lang='lat' dir='ltr'><strong>facit</strong></span> <span class='ocrx_word' id='word_1_229' title='bbox 464 4053 667 4118; x_wconf 84' lang='lat' dir='ltr'><strong>voluntatem</strong></span> <span class='ocrx_word' id='word_1_230' title='bbox 696 4055 767 4140; x_wconf 88' lang='lat' dir='ltr'><strong>ejus</strong></span> <span class='ocrx_word' id='word_1_231' title='bbox 797 4057 854 4139; x_wconf 94' lang='lat' dir='ltr'><strong>qui</strong></span> <span class='ocrx_word' id='word_1_232' title='bbox 883 4057 971 4119; x_wconf 88' lang='lat' dir='ltr'><strong>misit</strong></span> <span class='ocrx_word' id='word_1_233' title='bbox 1001 4057 1081 4118; x_wconf 84' lang='lat' dir='ltr'><strong>me“</strong></span> <span class='ocrx_word' id='word_1_234' title='bbox 1096 4053 1132 4138; x_wconf 87' lang='lat'><strong>⁴).</strong></span> <span class='ocrx_word' id='word_1_235' title='bbox 1177 4052 1246 4120; x_wconf 87' lang='lat' dir='ltr'><strong>Sed</strong></span> <span class='ocrx_word' id='word_1_236' title='bbox 1278 4041 1352 4118; x_wconf 90' lang='lat' dir='ltr'><strong>ille</strong></span> <span class='ocrx_word' id='word_1_237' title='bbox 1399 4110 1403 4116; x_wconf 92' lang='lat'>.</span> 
     </span>
    </p>
   </div>
   <div class='ocr_carea' id='block_1_13' title="bbox 195 4272 1333 4283">
    <p class='ocr_par' dir='ltr' id='par_1_13' title="bbox 195 4272 1333 4283">
     <span class='ocr_line' id='line_1_30' title="bbox 195 4272 1333 4283; baseline 0.003 -4"><span class='ocrx_word' id='word_1_238' title='bbox 195 4272 1228 4282; x_wconf 45' lang='lat' dir='ltr'><strong>*ww-“W</strong></span> <span class='ocrx_word' id='word_1_239' title='bbox 1231 4273 1333 4283; x_wconf 57' lang='grc' dir='ltr'>..ιιι-...η</span> 
     </span>
    </p>
   </div>
   <div class='ocr_carea' id='block_1_14' title="bbox 264 4433 1146 4680">
    <p class='ocr_par' dir='ltr' id='par_1_14' title="bbox 264 4433 1146 4680">
     <span class='ocr_line' id='line_1_31' title="bbox 265 4433 1048 4501; baseline -0.003 -15"><span class='ocrx_word' id='word_1_240' title='bbox 265 4433 287 4500; x_wconf 89' lang='lat'><strong>¹)</strong></span> <span class='ocrx_word' id='word_1_241' title='bbox 305 4450 368 4500; x_wconf 72' lang='lat' dir='ltr'><strong>pag,</strong></span> <span class='ocrx_word' id='word_1_242' title='bbox 389 4435 429 4486; x_wconf 76' lang='lat'><strong>78.</strong></span> <span class='ocrx_word' id='word_1_243' title='bbox 791 4433 819 4501; x_wconf 87' lang='lat'><strong>²)</strong></span> <span class='ocrx_word' id='word_1_244' title='bbox 834 4435 869 4486; x_wconf 81' lang='lat' dir='ltr'><strong>ci.</strong></span> <span class='ocrx_word' id='word_1_245' title='bbox 886 4449 950 4500; x_wconf 75' lang='lat' dir='ltr'><strong>pag.</strong></span> <span class='ocrx_word' id='word_1_246' title='bbox 969 4433 1048 4485; x_wconf 81' lang='lat' dir='ltr'><strong>send.</strong></span> 
     </span>
     <span class='ocr_line' id='line_1_32' title="bbox 264 4528 1036 4598; baseline -0.004 -17"><span class='ocrx_word' id='word_1_247' title='bbox 264 4529 287 4598; x_wconf 83' lang='lat'><strong>⁸)</strong></span> <span class='ocrx_word' id='word_1_248' title='bbox 306 4531 358 4581; x_wconf 86' lang='lat' dir='ltr'><strong>col.</strong></span> <span class='ocrx_word' id='word_1_249' title='bbox 378 4530 445 4582; x_wconf 77' lang='grc'><strong>1113</strong></span> <span class='ocrx_word' id='word_1_250' title='bbox 462 4528 494 4580; x_wconf 87' lang='grc' dir='ltr'><strong>Β.</strong></span> <span class='ocrx_word' id='word_1_251' title='bbox 788 4529 812 4597; x_wconf 80' lang='lat'><strong>⁴)</strong></span> <span class='ocrx_word' id='word_1_252' title='bbox 830 4529 927 4582; x_wconf 74' lang='lat' dir='ltr'><strong>Metth.</strong></span> <span class='ocrx_word' id='word_1_253' title='bbox 947 4533 975 4598; x_wconf 72' lang='lat' dir='ltr'><strong>i,</strong></span> <span class='ocrx_word' id='word_1_254' title='bbox 995 4531 1036 4584; x_wconf 78' lang='lat'><strong>21.</strong></span> 
     </span>
     <span class='ocr_line' id='line_1_33' title="bbox 304 4626 1146 4680; baseline -0.002 2"><span class='ocrx_word' id='word_1_255' title='bbox 304 4637 309 4653; x_wconf 85' lang='lat'><strong><em>¹</em></strong></span> <span class='ocrx_word' id='word_1_256' title='bbox 1131 4626 1146 4680; x_wconf 80' lang='lat' dir='ltr'><strong>&#39;t</strong></span> 
     </span>
    </p>
   </div>
   <div class='ocr_carea' id='block_1_15' title="bbox 0 0 1620 5217">
    <p class='ocr_par' dir='ltr' id='par_1_15' title="bbox 0 0 1620 5217">
     <span class='ocr_line' id='line_1_34' title="bbox 0 0 1620 5217; baseline 0 0"><span class='ocrx_word' id='word_1_257' title='bbox 0 0 1620 5217; x_wconf 95' lang='lat' dir='ltr'><strong> </strong></span> 
     </span>
    </p>
   </div>
  </div>
 </body>
</html>
