3225 5217
309 502 349 567 10

306 679 338 739 in
361 696 426 758 qua
450 676 480 737 ei
502 674 606 737 minus
629 671 755 757 loquor,
779 692 877 757 quem
898 673 973 758 plus
995 675 1144 740 omnibus
1167 675 1301 764 diligo‘t
1345 676 1445 745 Unde

192 807 194 812 ·
305 787 384 853 nihil
406 790 540 868 mirum,
571 784 660 869 quod
683 786 788 852 eidem
811 789 844 850 in
867 808 958 851 suam
981 786 1093 853 sedem
1116 792 1270 855 restituto
1298 792 1444 855 maximo

305 901 403 963 animi
425 896 546 983 gaudio
568 896 752 982 gratulatur
775 918 915 981 eumque
926 898 969 963 de
979 902 1101 965 amissa
1114 903 1224 983 quiete
1235 920 1445 985 conqueren-

304 1019 371 1075 tem
393 1008 581 1073 consolatur
602 1009 652 1073 his
675 1009 800 1073 verbis:
835 1008 977 1091 „Gloria
1005 1012 1039 1073 in
1061 1012 1205 1077 excelsis
1227 1013 1317 1087 Deo,
1346 1022 1381 1077 et
1408 1017 1443 1078 in

304 1128 394 1185 terra
425 1141 493 1204 pax
523 1118 706 1184 hominibus
735 1120 842 1185 bonae
863 1120 1043 1186 voluntatis
1064 1122 1163 1204 (Luc
1185 1124 1224 1204 2,
1255 1123 1333 1207 14);
1365 1127 1443 1207 quia

303 1252 439 1316 magnus
466 1230 522 1295 ille
552 1230 692 1311 fluvius,
725 1232 780 1314 qui
804 1230 969 1314 quondam
991 1233 1118 1295 arentia
1139 1233 1335 1299 Antiochiae
1356 1256 1443 1299 saxa

303 1342 493 1427 reliquerat,
514 1340 646 1407 tandem
665 1340 707 1406 ad
718 1343 886 1426 proprium
902 1341 1032 1406 alveum
1050 1361 1204 1409 reversos
1226 1353 1260 1409 ot
1276 1345 1442 1431 subJ'eotas

299 1454 398 1539 juxta
419 1456 544 1538 positas
556 1452 660 1516 valles
681 1454 777 1537 rigat.
809 1450 887 1515 dam
902 1472 990 1515 nunc
1005 1452 1138 1536 dubium
1152 1463 1298 1536 nonest,
1320 1457 1442 1522 multos

303 1566 351 1627 inx
372 1565 442 1649 ejus
476 1563 616 1629 vallibus
649 1565 829 1627 animarum
868 1564 968 1629 dores
1001 1583 1195 1629 exerescere
1234 1586 1359 1649 eosque
1396 1566 1441 1631 ad

302 1683 447 1739 maturos
470 1696 574 1759 usque
597 1676 724 1739 fructus
746 1696 806 1759 per
828 1676 1103 1760 linguaevestrse
1117 1676 1240 1743 fluenta
1255 1680 1438 1761 pervenire.

303 1786 402 1851 Unde
431 1789 645 1871 omnipotenti
673 1787 746 1851 Deo
775 1784 920 1849 debitam
950 1785 1080 1851 laudem
1108 1785 1218 1850 cordis
1245 1793 1347 1870 atque
1373 1790 1440 1852 on‘s

303 1898 440 1962 vocibus
463 1918 507 1963 ex
530 1898 678 1961 omnibus
701 1896 852 1961 medullis
874 1896 1052 1978 reddimus,
1075 1904 1109 1960 st
1130 1898 1164 1959 in
1186 1905 1298 1961 vestra
1319 1897 1440 1962 beatu-

303 2008 377 2075 dine
407 2028 472 2073 non
502 2008 597 2072 vobis
624 2006 868 2086 tantummodo,
902 2005 961 2071 sed
983 2006 1133 2071 omnibus
1154 2010 1211 2090 qui
1233 2006 1329 2072 vobis
1357 2008 1448 2072 sub-'

297 2120 437 2205 jacent,
458 2117 709 2204 congaudemus.
759 2116 899 2203 Suscepi
925 2136 1008 2183 vero
1041 2118 1197 2202 epistolas
1231 2115 1439 2183 dulcissimae

301 2238 401 2314 atquc
432 2232 644 2294 suavissimae
672 2231 856 2294 sanctitatis
878 2237 1024 2309 vestrae,
1058 2230 1167 2313 ipsum
1193 2237 1230 2292 ut
1257 2232 1305 2294 ita
1332 2228 1438 2295 dicam

301 2340 446 2405 laborem
469 2339 634 2404 sudantes.
678 2338 723 2407 In
745 2340 880 2424 quidem
903 2341 990 2421 scio,
1019 2338 1109 2421 quod
1136 2348 1214 2424 post
1240 2338 1298 2403 illa
1319 2342 1439 2424 quietis

300 2451 457 2531 culmina,
486 2451 520 2513 in
541 2448 660 2533 quibus
683 2458 812 2515 secreta
833 2450 991 2515 coelestia
1014 2449 1122 2515 cordis
1143 2450 1306 2535 tangebas
1326 2473 1435 2535 manu,

299 2582 400 2646 grave
433 2561 532 2626 valde
564 2564 624 2642 sit,
660 2561 828 2627 exteriora
860 2558 1012 2626 tolerare.
1061 2559 1130 2627 Sed
1162 2570 1328 2628 memento
1360 2566 1438 2647 quia

299 2672 513 2758 apostolicam
528 2672 640 2737 sedem
651 2675 751 2757 regis,
764 2680 798 2737 et
810 2670 956 2736 dolorem
969 2674 1065 2737 eitius
1083 2681 1260 2758 temperas,
1280 2677 1436 2756 qnoniam

300 2783 448 2848 omnibus
482 2786 590 2849 omnia
625 2784 733 2848 factus
765 2804 811 2848 es.
855 2782 1125 2849 Benedictioncm
1154 2793 1263 2849 autem
1291 2793 1436 2849 vestrum

299 2914 365 2977 qua
386 2892 558 2959 debuimus
588 2903 697 2959 mente
726 2897 949 2979 suscepimus,
981 2894 1068 2959 bene
1097 2894 1317 2977 redolentem,
1349 2896 1435 2961 bene

298 3006 498 3089 sapientem:
520 3013 554 3069 et
566 3008 780 3089 omnipotenti
792 3006 865 3070 Deo
883 3009 1006 3091 gratias
1022 3008 1160 3091 aginam,
1184 3010 1262 3088 quis
1281 3006 1436 3071 stodora

298 3123 374 3177 sunt
396 3123 429 3179 et
450 3134 587 3200 sapora,
617 3137 702 3199 quae
725 3118 842 3201 agitis,
870 3135 956 3199 quac
977 3116 1103 3192 dicitis,
1133 3136 1219 3199 quas
1241 3116 1338 3181 datis.
1382 3116 1434 3182 De

297 3228 366 3290 vita
387 3228 487 3311 igitur
508 3234 620 3291 vostra
641 3224 787 3291 dicamus
818 3229 955 3311 pariter,
989 3226 1136 3291 dicamus
1156 3247 1287 3291 omncs:
1320 3224 1437 3290 Gloria

297 3340 330 3401 in
341 3337 484 3403 excelsis
494 3336 569 3401 Deo
587 3344 621 3403 et
635 3339 669 3400 in
686 3344 773 3402 terra
791 3357 861 3423 pax
875 3336 1059 3402 hominibus
1070 3336 1178 3401 bonae
1189 3337 1389 3403 voluntatis“
1402 3335 1436 3418 ¹).

297 3448 446 3515 Eundem
470 3448 610 3531 deniquo
634 3448 695 3513 sub
717 3450 815 3513 finem
833 3450 922 3527 uitae
945 3450 1157 3513 constitutum
1177 3450 1262 3513 inter
1283 3446 1436 3513 adversi·

296 3569 383 3628 tates
405 3561 503 3647 hujus
525 3559 637 3626 mundi
659 3560 829 3623 confirmat
851 3580 902 3645 ep.
926 3561 955 3624 2.
979 3558 1034 3623 lib.
1057 3560 1087 3622 8.
1133 3558 1308 3643 ,Suscepi·,
1329 3560 1435 3642 inquit

298 3671 456 3758 epistolas
479 3672 694 3737 suavissimae
717 3669 928 3735 beatitudinis
950 3677 1100 3752 vestrae,
1129 3690 1214 3754 quae
1240 3690 1301 3755 pro
1324 3668 1434 3733 verbis

296 3782 459 3864 lacrymas
473 3781 627 3845 fluebant.
691 3779 780 3848 Ecce
793 3783 827 3845 in
836 3788 953 3848 sancta
962 3787 1132 3848 senectute
1143 3778 1314 3847 beatitudo
1323 3785 1436 3843 sesua

296 3889 407 3955 multis
428 3890 860 3973 tribulationibusxlaboram
889 3890 950 3956 sed
971 3890 1176 3979 perpendat,
1206 3891 1299 3977 eujus
1320 3888 1435 3955 sedem

296 3999 439 4066 sedeat.“
463 4000 509 4065 Et
525 4010 658 4086 postea:
682 4000 830 4083 „Iudicat
847 4002 925 4066 mihi
937 4003 1300 4067 suavissimasanctitas
1312 4008 1434 4080 vestra,

296 4111 386 4195 quod
408 4132 545 4194 mecum,
568 4113 596 4176 si
617 4115 781 4197 potuisset
803 4114 890 4196 deri,
913 4116 983 4179 sine
1006 4115 1120 4178 charta
1141 4120 1175 4177 et
1197 4110 1322 4176 calamo
1343 4111 1435 4194 loqui

295 4222 456 4288 voluisset
464 4231 497 4288 et
505 4222 607 4307 dolet,
616 4221 704 4307 quod
713 4222 1285 4310 nobisOrientispeneetOccidentis
1293 4224 1434 4309 spatium

366 4465 388 4532 ¹)
406 4465 466 4517 Lib.
485 4465 519 4517 V.
538 4479 580 4530 ep.
599 4466 642 4517 39.
662 4465 727 4518 data
745 4463 838 4517 indict
856 4464 934 4515 xm
