3225 5217
756 1130 930 1249 olam
956 1130 1011 1221 Π.

680 1304 729 1355 ns
747 1302 888 1384 nomer
904 1302 1084 1357 lucrosa.

848 1500 919 1587 §1-

397 1614 479 1694 Quis
488 1614 591 1678 fuerit
602 1612 735 1699 Hodegi
745 1621 870 1697 auctor,
881 1635 947 1679 non
959 1622 1011 1679 est
1023 1634 1105 1699 opus
1117 1634 1236 1700 magua
1247 1617 1450 1697 quaestione.

310 1724 389 1811 Ipse
406 1728 490 1790 enirn
514 1746 607 1789 suum
629 1746 748 1789 nomen
769 1734 885 1789 auctor
907 1744 1068 1810 expresse
1089 1725 1184 1791 nobis
1206 1726 1317 1810 tradit,
1340 1730 1449 1811 capite
1549 1794 1551 1798 .

312 1838 439 1903 decimo
468 1840 599 1901 tertiam
621 1835 876 1920 disputationem
905 1838 1072 1919 referens,
1105 1856 1203 1920 quam
1226 1835 1451 1903 Alexandriae

311 1950 426 2013 habuit
465 1970 537 2013 oum
575 1945 783 2030 severianis,
819 1945 1060 2012 Theodosianis
1099 1949 1237 2031 aliisque
1276 1950 1451 2013 haereticis

301 2040 563 2145 'Monophysitis
596 2059 688 2138 Quos
707 2058 835 2123 duabus
860 2061 1003 2143 praeviis
1024 2058 1310 2144 disputationibus,
1333 2061 1451 2143 quibus

312 2148 384 2233 cum
406 2172 445 2233 iis
467 2169 616 2255 publice,
647 2170 877 2254 praesentibus
907 2170 996 2234 urbis
1022 2170 1267 2255 magistratibus
1297 2180 1331 2234 et
1362 2170 1451 2234 clero

310 2300 494 2367 magnaque
516 2288 583 2344 tam
596 2278 840 2345 Catholicorum
858 2300 955 2363 quam
971 2279 1223 2345 Haereticorum
1243 2279 1450 2345 multitudine

310 2390 461 2457 adstante
480 2412 676 2479 congressus
695 2399 775 2473 erat,
798 2412 897 2474 quum
920 2394 1053 2476 egregie
1068 2390 1248 2455 refutasset
1256 2392 1450 2455 veritatem-

311 2524 375 2587 que
398 2503 590 2567 catholicam
613 2524 678 2567 non
699 2504 805 2566 minus
825 2501 944 2565 callide
962 2522 1060 2585 quam
1083 2509 1215 2565 strenue
1234 2501 1448 2582 defendisset,

309 2622 346 2680 ut
366 2617 438 2699 ipse
467 2613 561 2677 nobis
582 2620 693 2677 narrat
723 2612 840 2678 eodem
872 2614 979 2697 eapite
1001 2611 1047 2675 X.
1061 2612 1101 2694 1),
1131 2614 1263 2676 tertium
1282 2614 1350 2697 jam
1374 2634 1447 2677 cum

310 2728 350 2789 iis
373 2733 538 2788 certamen
560 2725 649 2805 iniit,
672 2723 714 2788 de
737 2743 802 2805 quo
825 2725 874 2786 sic
896 2719 1097 2804 loquitur²lt

396 2834 513 2917 „Alius
535 2833 669 2916 modus,
691 2853 758 2916 quo
781 2854 853 2897 cum
877 2831 1116 2897 Theodosianis
1140 2838 1306 2917 congressi
1328 2856 1448 2915 sumus,

309 2952 485 3030 praesente
499 2944 669 3029 praefecto
678 2942 856 3029 Augustali
869 2945 902 3006 in
916 2943 1048 3028 publica
1064 2946 1205 3008 civitatis
1217 2945 1404 3009 audientia“
1413 2945 1449 3028 ⁸).

396 3054 507 3138 „Satis
538 3063 571 3119 et
593 3055 719 3136 absque
742 3052 808 3116 ulla
830 3053 1034 3119 dubitatione
1056 3054 1230 3121 haereticis
1261 3055 1387 3141 pudore
1409 3076 1449 3119 ac

309 3167 429 3231 rubore
514 3165 664 3247 suffusis,
696 3185 768 3228 oum
795 3166 893 3250 plane
915 3166 1023 3231 nullus
1046 3167 1128 3231 elius
1150 3175 1344 3252 praetextus
1366 3188 1448 3251 sup-

309 3284 457 3362 peteret,
498 3284 535 3339 ut
568 3296 605 3339 os
638 3274 799 3340 adversus
836 3276 1033 3362 catholicam¹
1063 3278 1235 3343 ecclesiam
1270 3280 1447 3360 aperirent,

308 3390 416 3451 missis
438 3389 471 3450 in
483 3386 675 3470 Aegyptum
696 3388 828 3468 nuntiis,
850 3386 1053 3452 advocarunt
1070 3386 1243 3451 nonnullos
1263 3390 1447 3471 episcopos,

309 3518 392 3581 quos
405 3497 645 3581 scripturarum
667 3500 792 3581 peritos
810 3498 1063 3579 arbitrabantur,
1087 3518 1224 3581 quorum
1247 3518 1330 3560 unus
1349 3498 1447 3560 etiam

310 3607 569 3692 Cynopolitanus
587 3616 668 3689 erat,
690 3607 976 3693 quiAugustalem
999 3607 1195 3673 accedentes
1217 3608 1388 3693 rogabant,
1410 3613 1447 3668 ut

307 3719 477 3783 nobiscum
501 3717 543 3783 de
566 3705 705 3783 Christo'
722 3718 912 3803 disputandi
929 3721 1061 3802 copiam
1088 3718 1231 3800 faceret3
1263 3739 1330 3801 quo
1358 3716 1447 3784 haud

309 3838 447 3916 gravate
470 3837 651 3910 annuente,
673 3850 752 3893 mox
774 3831 810 3891 in
831 3831 1032 3912 praetorium
1054 3829 1205 3893 accersiti
1226 3848 1346 3891 sumus.
1381 3826 1446 3905 Qui

308 3960 388 4004 vero
411 3941 501 4004 missi
523 3940 671 4020 fuerant,
699 3938 893 4003 nuntiabant
920 3939 1015 4002 nobis
1044 3938 1164 4002 adesse
1185 3936 1445 4020 Theodosianos,

309 4049 428 4133 quibus
450 4052 575 4112 animus
599 4058 688 4114 esset
709 4049 878 4113 nobiscum
905 4047 1035 4112 deiide
1058 4046 1249 4112 conferendi
1269 4056 1446 4132 praesente

307 4159 492 4245 Augustali.
544 4146 627 4224 Cum
661 4181 741 4243 ergo
775 4160 979 4223 venissemus
1014 4164 1048 4223 et
1082 4159 1364 4242 consedissemus,
1398 4160 1446 4223 sic

1121 4321 1444 4338 *md—-

378 4416 400 4483 ¹)
419 4413 477 4467 001.
497 4416 548 4467 150
565 4431 639 4481 seqq.
848 4414 870 4481 ¹)
890 4414 947 4467 Col.
968 4418 1018 4468 186
1034 4432 1108 4482 seqq.

376 4508 398 4575 ⁸)
417 4506 478 4575 „im
496 4504 615 4582 δημοσίας
634 4504 711 4584 ἀκοῆς
728 4506 769 4561 καὶ
786 4518 831 4585 τῆς
849 4505 974 4567 πόλιωςίί.
1009 4509 1067 4562 Ool.
1087 4512 1145 4562 186.
