3225 5217
1259 558 1321 651 ros

263 733 375 799 Sensit
406 736 518 817 itaque
548 733 744 797 Anastasius
778 740 908 813 noster,
941 735 975 795 in
1006 731 1214 794 Eucharistia
1247 749 1321 794 esse

176 868 273 927 vere,
302 847 435 910 realiter
464 853 498 909 et
530 843 806 925 substantialiter,
838 845 936 907 etiam
959 852 1036 907 ante
1061 863 1167 924 esum,
1200 861 1320 926 corpus

178 965 211 1024 et
238 961 429 1042 sanguinem
461 957 593 1020 Domini
623 957 727 1019 nostri
755 953 839 1019 Jesu
861 953 1000 1035 Christi,
1033 976 1099 1019 non
1130 956 1199 1040 ejus
1233 955 1321 1016 anti-

176 1079 292 1155 typum
315 1078 374 1134 seu
397 1069 535 1152 figuram
557 1089 616 1132 seu
638 1089 765 1152 panem·
779 1067 918 1147 nudum,
941 1067 1047 1149 qualis
1071 1069 1214 1130 ostiatim
1236 1085 1321 1129 ven-

177 1182 272 1248 ditur.
327 1179 439 1262 Atque
472 1187 509 1244 ut
548 1182 794 1264 impanistarum
830 1181 886 1262 qui
927 1177 1098 1258 dicuntur,
1138 1179 1320 1242 sententiae

175 1294 306 1372 faveat,
329 1299 454 1379 tantum
476 1292 587 1372 abest,
617 1299 653 1354 ut
675 1293 765 1376 ipsas
790 1293 887 1354 etiam
918 1291 1206 1371 commutationes,
1236 1309 1322 1372 quae

175 1407 207 1468 in
230 1406 325 1488 panis
349 1411 382 1467 et
405 1405 471 1466 vini
495 1403 668 1488 speciebus
690 1401 860 1483 accidunt,
890 1409 926 1464 ut
955 1420 1054 1483 quum
1077 1402 1205 1486 species
1227 1401 1321 1464 fran-

176 1525 311 1602 guntur,
347 1524 534 1597 sumuntur,
573 1514 725 1579 dentibus
753 1523 918 1596 teruntur,
954 1522 1219 1598 corrumpuntur,
1257 1513 1321 1596 ipsi

176 1629 305 1711 corpori
337 1624 460 1690 Christi
488 1627 661 1708 attribuat,
694 1648 759 1691 non
786 1625 999 1709 destinguens
1027 1627 1112 1688 inter
1139 1623 1322 1688 accidentia

176 1760 262 1823 quae
289 1746 475 1818 remanent,
510 1747 544 1802 et
572 1738 660 1821 quod
681 1741 721 1803 iis
744 1737 874 1802 velatur
896 1757 1015 1820 corpus
1037 1736 1188 1817 Domini,
1218 1745 1320 1820 atque

175 1849 251 1914 inde
282 1851 379 1913 ctiam
403 1855 517 1913 contra
539 1843 791 1933 Monophysitas
820 1857 1046 1935 argumentum
1076 1855 1188 1932 petat,
1219 1869 1320 1931 quum

176 1961 330 2026 divinitas
360 1961 457 2026 nullis
497 1959 802 2024 commutationibus
840 1960 984 2024 obnoxia
1019 1980 1093 2024 esse
1127 1961 1249 2044 possit3
1285 1958 1320 2022 id

176 2072 266 2157 quod
296 2072 415 2136 nullius
446 2076 602 2138 momenti
631 2080 719 2136 esset
749 2080 994 2156 argumentum,
1031 2074 1060 2135 si
1093 2091 1212 2156 panem
1247 2092 1320 2142 curn

176 2204 315 2268 corpore
346 2183 465 2248 adesse
494 2185 548 2248 vel
576 2203 746 2247 remanare
773 2185 940 2246 sensisset.
983 2183 1120 2247 Poterat
1151 2184 1236 2246 enim
1258 2182 1321 2247 sibi

176 2297 248 2380 ipse
272 2295 426 2380 objicere,
451 2315 507 2359 eas
531 2296 799 2359 commutationes
821 2296 856 2356 in
872 2315 991 2378 panem
1008 2293 1137 2374 eadere,
1158 2313 1220 2356 nco
1238 2312 1320 2377 pro·-

176 2407 252 2471 inde
284 2414 397 2471 contra
419 2406 671 2490 Monophysitas
699 2404 824 2487 aliquid
851 2404 977 2489 profici.
1022 2401 1091 2470 Sed
1119 2425 1184 2468 non
1215 2403 1320 2468 solum

176 2521 282 2603 ipsum
315 2520 362 2580 ita
396 2517 438 2581 de
472 2515 531 2582 SS.
562 2515 769 2580 Eucharistia
802 2519 946 2580 sensisse
981 2537 1023 2580 ex
1055 2517 1095 2579 iis
1128 2516 1210 2580 locis
1238 2536 1321 2578 con-

172 2631 300 2715 jicitur,
337 2650 451 2692 verum
484 2631 581 2692 etiarn
612 2627 758 2714 ejusdem
790 2631 948 2712 temporis
981 2628 1183 2708 haereticos,
1205 2641 1320 2709 'quum

177 2739 363 2826 hujusmodi
401 2747 603 2825 argumenta
630 2748 743 2802 contra
771 2742 862 2823 ipsos
897 2739 1088 2822 protulerit,
1127 2737 1207 2801 nihil
1230 2738 1320 2801 veri-

176 2858 245 2932 tus,
272 2873 313 2915 ne
336 2851 399 2915 sibi
420 2871 539 2934 panem
562 2871 636 2914 esse
659 2851 854 2935 objicerent,
878 2849 967 2932 quod
989 2857 1198 2934 tangeretur,
1230 2847 1320 2932 quod

176 2962 395 3046 frangeretur,
414 2960 577 3043 ederetur,
596 2969 867 3046 corrumperetur.
900 2961 1023 3044 Liquet
1039 2963 1149 3045 igitur,
1171 2960 1319 3024 Anasta-

178 3177 1314 3187 mmm—u*

177 3317 277 3391 ἀγοντες
296 3313 525 3391 μεταλαμβάνομεν·
545 3313 621 3390 ἄγαγε
640 3315 698 3392 ἡμῖν
717 3315 743 3369 ἐκ
761 3327 806 3392 της
823 3315 951 3376 κοινωνίας
975 3306 1019 3393 τῆς
1038 3315 1157 3392 όμετέρας
1175 3316 1317 3394 ἑκκλιγσὶας,

177 3413 212 3470 ui<
231 3408 371 3484 όρθοόόξου
390 3411 475 3486 οάσιγς,
497 3411 532 3469 uic
549 3411 636 3484 λέγεις,
655 3409 718 3483 ὑπὲρ
731 3421 813 3463 πᾶσαν
831 3409 909 3486 ἀλλιγν
922 3409 1062 3486 ἐκκλησίαν.
1090 3409 1138 3465 Καὶ
1152 3411 1319 3484 ἀποτιθοῦμεν

179 3505 204 3560 έν
223 3505 291 3580 πάσφ
310 3514 368 3580 τιμῇ
390 3501 418 3558 τό
438 3515 551 3559 τοιοῦτον
576 3503 644 3579 όιγιον
669 3517 739 3579 σῶμα
757 3507 866 3578 Χριστοῦ
884 3503 925 3558 καὶ
947 3505 1009 3579 αἷμα
1033 3503 1067 3564 εἷς
1089 3517 1175 3565 σκεῦος
1200 3505 1318 3579 ἐνδόξως,

175 3599 221 3654 xci
239 3598 308 3657 laroc
326 3595 416 3674 ἀλέγων
434 3597 549 3676 ἡμερῶν,
575 3597 617 3652 tta
642 3596 674 3674 μὴ
694 3595 791 3674 φθαρῇ,
815 3595 950 3674 ἣτμαπῇ,
974 3596 989 3673 ἣ
1010 3598 1154 3674 ἀλλοιωθῇ,
1179 3600 1317 3676 πρόδηλον,

177 3688 215 3748 ότι
238 3692 320 3752 καλῶς
344 3692 476 3768 κηρύττετε
498 3691 539 3746 τόν
564 3690 668 3768 Χριστόν
693 3693 757 3746 κατὰ
780 3692 862 3746 τιάντα
884 3690 978 3766 τρόπον
1002 3692 1062 3747 ὄντα
1086 3693 1114 3755 έΕ
1133 3692 1214 3770 αὐτῆς
1240 3695 1319 3770 ἄκρας

177 3786 288 3844 ένὼσεως
307 3785 332 3839 έν
347 3785 481 3861 ἀφθαρσίᾳ.
506 3785 537 3841 Εἰ
555 3787 581 3839 δέ
595 3785 680 3861 φθαρῇ
700 3783 715 3862 ἦ
732 3786 872 3862 ἀλλοιωόῇ,
891 3786 985 3863 ἀνάγκη
1000 3800 1068 3840 πᾶσα
1082 3787 1147 3864 ἡμᾶς
1161 3792 1209 3857 (an
1223 3788 1286 3865 ὑμᾶς
1293 3792 1319 3858 i)

177 3881 202 3935 ἓν
221 3881 248 3934 ὲκ
267 3892 315 3933 τῶν
335 3877 464 3955 ὁποτέρων
483 3877 624 3956 rimu-'ip
644 3879 681 3934 ότι
699 3879 744 3934 οὐκ
762 3880 833 3947 ἔστιν,
855 3879 1087 3957 όμεταλαμβάνετε,
1107 3895 1179 3957 σῶμα
1198 3881 1318 3958 ἀληθινόν

177 3979 294 4050 Χριστοῦ,
314 3973 366 4028 ἀλλ’
384 3972 523 4041 ἀντίτυπον,
541 3971 582 4028 καὶ
594 3971 674 4048 ψιλόν,
692 3973 708 4050 ἢ
723 3969 759 4028 ότι
771 3975 812 4028 διὰ
823 3974 868 4052 rip
880 3974 1041 4028 κακοπιστὶαν
1059 3975 1136 4051 ἡμῶν
1149 3975 1320 4051 (antiperti),

177 4067 222 4124 οὐκ
241 4065 390 4143 intecit-que
414 4066 448 4127 εἰς
472 4064 531 4121 αι’ντό
556 4066 584 4122 τό
604 4072 703 4143 Πνεῦμα
725 4066 752 4122 τό
777 4068 860 4143 ἅγιον·
884 4068 900 4145 ἦ
926 4065 963 4123 ότι
985 4068 1096 4144 φθαρτόν
1121 4070 1172 4123 ἐστι
1195 4068 1222 4123 τό
1248 4083 1321 4146 σῶμα
1357 4075 1362 4083 ”

176 4167 282 4238 Χριστοῦ
301 4158 350 4236 πρό
369 4171 414 4238 τῆς
432 4161 595 4228 ἀναστάσεως,
614 4165 649 4221 ως
667 4161 797 4238 θυόμενον,
815 4162 856 4217 καὶ
873 4163 1043 4239 νεκροόμενον,
1062 4162 1103 4218 καὶ
1115 4163 1318 4240 τιτρωσκόμενον,

176 4255 217 4312 καὶ
237 4254 410 4334 μελιζόμενον,
434 4253 475 4309 καὶ
501 4254 650 4326 ἐσθιόμενον.
681 4255 828 4332 Ἀφθαρτος
850 4258 898 4332 γὰρ
923 4258 1008 4332 φύσις,
1034 4260 1091 4312 οὔτε
1116 4260 1243 4330 τέμνεται,
1263 4259 1320 4312 οὔτε

175 4351 334 4425 τιτρώσκεται
352 4349 476 4424 πλευρὰν,
494 4347 535 4404 καὶ
553 4360 653 4424 χεῖρας,
672 4351 729 4405 οὔτε
748 4349 879 4426 μελίζεται,
898 4352 955 4406 οὔτε
973 4362 1110 4426 ντκροῦται,
1129 4354 1186 4406 οὔτε
1204 4352 1320 4420 ἐσθίεται,

176 4445 233 4498 οὔτε
253 4442 318 4503 ὃλως
335 4454 460 4518 κρατεῖται
477 4443 493 4521 ἀγ
508 4446 667 4521 φφλαφᾶτοιι·
686 4440 727 4499 οἵα
746 4443 810 4499 ἐστὶν
829 4444 845 4522 ip
865 4445 992 4520 ἄφθαρτος
1009 4460 1059 4499 των
1077 4445 1190 4521 ἀγγέλων
1207 4446 1248 4501 καὶ
1266 4461 1316 4501 τῶν
1381 4516 1383 4519 Ι

176 4538 265 4614 ψυχῶν
283 4537 381 4613 φόσις.“
