3225 5217
1257 535 1317 598 111

113 694 115 698 ’
177 707 298 769 minum
327 705 565 792 generationis3
599 705 645 768 ita
679 707 776 768 etiam
807 707 840 768 11
873 726 1011 788 unoque·
1039 705 1239 770 millenario·
1257 726 1319 770 sex

178 817 312 881 millium
334 837 492 882 annorum
514 819 784 900 praeteritorum,
813 817 878 880 tuit
904 817 1039 900 aliquod
1068 819 1254 902 symbolum
1286 829 1320 885 et

177 938 277 1014 typus
299 930 566 994 resurrrectionis
590 937 624 994 et
645 931 801 994 transitus
824 929 1067 994 creaturaead
1089 931 1123 994 id
1146 930 1237 1014 quod
1266 940 1320 996 est

176 1041 292 1106 melius
311 1089 319 1106 .
338 1087 373 1104 ..
405 1041 622 1105 Ducentesimo
645 1039 778 1124 quidem
801 1048 832 1105 et
855 1043 1008 1105 tricesimo
1029 1063 1113 1108 aeno
1134 1044 1319 1128 primirdiei

176 1157 307 1240 genitus
332 1153 429 1233 Seth,
453 1155 509 1237 qui
531 1155 781 1237 interpretatur:
798 1155 936 1236 1111111,
968 1154 1070 1220 habet
1090 1158 1261 1242 imaginem
1285 1168 1318 1225 et

177 1266 438 1348 similitudinem,
454 1311 457 1326 .
473 1287 570 1349 quam
599 1266 641 1330 ab
670 1267 762 1330 initio
793 1287 814 1330 a
835 1266 909 1330 Deo
932 1276 1101 1352 acceptam
1123 1269 1231 1334 Adam
1253 1272 1318 1336 ob-

83 1453 87 1462 ,
177 1379 761 1463 11111111111111118111111111111.
805 1377 873 1442 Ubi
907 1378 970 1444 hoc
1006 1401 1139 1464 quoque
1171 1384 1317 1467 inprimis

175 1491 425 1572 attendendum,
469 1490 559 1575 quod
593 1512 645 1555 ea·
668 1490 785 1556 verba:
820 1535 840 1572 „
848 1488 947 1573 Seth,
980 1494 1036 1575 qui
1069 1494 1317 1579 interpretatura

170 1604 337 1688 posilaa“‚
370 1603 486 1668 eodem
517 1610 685 1687 spectant,
715 1623 781 1686 quo
812 1583 960 1668 definitio
988 1625 1089 1690 supra
1118 1610 1151 1670 in
1172 1606 1317 1695 Hodego

174 1715 332 1803 allegata:
355 1709 460 1800 „Edit
482 1707 567 1782 τοῦθ
580 1710 669 1780 ἔστιν
685 1711 728 1794 ἐξ
738 1703 1000 1788 ανᾶστασιςίί.
1024 1715 1193 1798 Consonat
1207 1722 1316 1801 etlam,

175 1827 264 1912 quod
286 1827 341 1892 lib.
363 1827 411 1892 X.
434 1819 495 1892 col.
520 1827 647 1892 1016A
670 1825 753 1892 Seth
776 1835 914 1892 vocatur
936 1849 1119 1909 „renovans
1140 1833 1315 1917 imaginem

174 1941 262 2025 ejus,
286 1941 342 2023 qui
364 1938 406 2003 ad
429 1941 602 2022 imaginem
625 1939 735 2003 iactus
759 1941 862 2004 erat“.
896 1940 999 2005 Libro
1020 1939 1141 2006 deinde
1162 1941 1228 2007 XI.
1251 1942 1313 2010 col.

176 2053 268 2116 1040.
293 2051 486 2134 ostendens,
509 2051 683 2137 deceptam
707 2071 841 2134 quoqne
864 2059 904 2116 et·
919 2051 1045 2137 lapsam
1067 2052 1174 2117 Evam
1196 2064 1313 2140 typum
1412 2087 1418 2099 =

172 2164 275 2232 fuisse
297 2163 486 2246 Ecclesiae,
516 2165 600 2228 haec
623 2163 775 2228 disserite
799 2163 909 2247 „Cum
932 2165 1016 2230 duae
1039 2175 1152 2232 esseut
1172 2187 1316 2252 genera-

147 2295 153 2308 ·
171 2278 278 2341 tiones
300 2271 465 2342 hominum
488 2279 521 2340 in
543 2273 703 2362 principio
725 2279 758 2340 iu
780 2275 919 2358 mundo,
948 2281 1005 2361 qui
1030 2280 1063 2341 in
1092 2281 1258 2363 propriam
1281 2287 1316 2344 et

172 2396 358 2474 separatam
380 2389 609 2454 referebantur
622 2388 875 2474 genealogiam,
899 2397 1058 2473 erantque
1080 2392 1315 2476 praefiguratio

172 2499 309 2565 duorum
331 2499 547 2586 populorum:
576 2510 610 2566 et
632 2501 688 2565 alii
711 2501 843 2586 quidem
866 2501 910 2566 ab
931 2500 1079 2585 Adamo,
1108 2503 1162 2567 alii
1185 2524 1265 2568 vcro
1294 2526 1316 2567 a
1396 2482 1400 2491 ¹

173 2611 255 2678 Cain
287 2613 452 2698 parricida
484 2613 724 2698 procedebant:
759 2617 816 2698 qui
849 2614 892 2678 ab
914 2614 1044 2679 Adamo
1067 2615 1200 2698 quidem
1233 2636 1314 2701 pro-

172 2723 352 2809 cedebant,
387 2729 419 2790 in
452 2726 591 2811 figuram
624 2725 739 2811 populi
773 2725 916 2810 carim,
950 2727 1117 2792 habebant
1150 2727 1314 2811 quandam

168 2839 305 2922 gratiam
329 2839 434 2901 sancti
456 2835 597 2922 Spiritus
627 2839 660 2902 in
683 2836 775 2902 vultu
806 2859 883 2920 suo,
911 2860 997 2922 quae
1029 2859 1087 2904 eos
1116 2839 1314 2906 ostendebat

169 2957 202 3013 et
225 2949 400 3034 separabat
422 2971 442 3012 a
463 2949 587 3034 populo
610 2948 718 3014 Caini:
743 2958 777 3015 et
797 2953 941 3016 maxime
964 2950 1058 3033 Seth,
1081 2954 1314 3036 quemgenuit

167 3060 276 3125 Adam
299 3061 342 3125 ad
371 3082 463 3126 suam
493 3064 637 3146 speciem
668 3070 702 3127 et
735 3065 927 3148 imaginem,
961 3071 1000 3126 at
1028 3061 1109 3128 dicit
1130 3062 1310 3148 Scriptura

98 3234 100 3238 r
171 3170 375 3252 Quamobrem
405 3175 559 3254 tornines,
590 3177 644 3258 qai
672 3173 817 3238 1111111
838 3175 893 3238 illo
921 3182 1071 3260 tempore,
1101 3177 1189 3239 illum
1209 3175 1313 3239 Deam

167 3285 371 3370 appellebant.
422 3285 487 3364 Qui
515 3294 625 3351 autem
655 3287 875 3352 nascebantur
904 3309 948 3353 ex
979 3292 1103 3353 semine
1133 3287 1245 3369 Caini,
1277 3290 1310 3351 iu

166 3405 281 3483 typum
303 3398 418 3484 populi
430 3397 574 3480 IsraeliS,
597 3407 691 3463 erant
713 3399 862 3484 hospites
885 3408 919 3464 et
939 3400 1038 3465 alieni
1059 3400 1102 3464 ab
1123 3400 1181 3477 illa
1202 3402 1311 3485 gratia

57 3495 60 3500 ¹
167 3517 201 3574 et
222 3509 456 3576 illuminatione
480 3531 565 3595 quae
589 3514 714 3576 eratin
736 3511 847 3592 vultu,
870 3515 985 3596 utqui
1011 3515 1171 3598 originem
1190 3511 1311 3576 duxis-

166 3629 240 3686 sent
261 3643 282 3685 a
303 3621 477 3707 parricida.
512 3623 732 3702 Quamobrem
754 3626 793 3688 iis
819 3626 875 3707 qui
897 3633 991 3688 erant
1007 3645 1051 3688 ex
1065 3628 1189 3688 semine
1201 3622 1310 3687 Adam
1431 3699 1433 3704 .

166 3735 244 3817 (qui
266 3744 337 3799 erat
359 3743 461 3820 typus
483 3733 644 3818 Christi),
667 3739 724 3820 qui
746 3729 998 3800 nominabantur
1019 3736 1078 3799 filii
1100 3737 1181 3817 Dei,
1208 3737 1231 3798 ii
1254 3737 1310 3819 qui

166 3854 259 3912 crant
286 3869 337 3922 ,ex
368 3845 470 3929 Cain,
508 3846 699 3912 invidebant
731 3857 868 3934 propter
903 3847 1129 3934 splendorem,
1168 3851 1224 3931 qui
1258 3849 1307 3912 eis

48 4019 56 4032 ,
165 3959 328 4024 eminebat
349 3961 383 4023 in
406 3959 509 4026 vultu.
555 3959 583 4024 Ii
606 3981 686 4046 crgo
710 3964 766 4044 qui
788 3960 981 4026 dicebantur
1002 3961 1062 4024 filii
1083 3961 1165 4042 Dei,
1192 3955 1231 4022 ut
1252 3961 1309 4042 qui

165 4079 276 4135 essent
297 4071 357 4134 lilii
378 4070 472 4136 Evae
496 4093 515 4143 a
537 4080 659 4154 matre,
692 4093 752 4156 per
783 4073 896 4136 oculos
925 4076 1062 4157 primam
1093 4078 1309 4156 susceperunt

164 4182 382 4248 affectionem.
396 4235 402 4246 .
417 4232 445 4247 ..
468 4184 641 4262 Quomodo
665 4187 749 4248 enim
773 4183 815 4248 de
838 4205 878 4248 ea
900 4185 1021 4248 dictum
1040 4193 1099 4265 est,
1123 4183 1213 4268 quod
1225 4182 1310 4248 vidit

163 4295 286 4382 lignum
309 4297 429 4361 bonum
452 4295 495 4359 ad
518 4296 754 4361 comedendum
778 4304 812 4360 et
835 4295 937 4359 oculis
970 4304 1097 4380 gratum
1120 4294 1163 4358 ad
1183 4295 1304 4385 uideu-

165 4406 259 4488 dum,
291 4411 338 4472 ita
361 4411 458 4474 etiam
481 4411 635 4493 seriptum
660 4416 728 4490 est,
756 4408 798 4472 de
821 4407 896 4472 filiis
920 4408 1005 4494 ejus:
1043 4405 1134 4490 „Et
1156 4406 1309 4472 viderunt

163 4521 221 4584 filii
253 4521 384 4604 Dai“⁴,
426 4520 489 4585 hoc
523 4529 574 4585 est
606 4522 663 4604 qui
695 4522 859 4606 originem
895 4518 1061 4585 duxerunt
1091 4519 1134 4585 ab
1167 4518 1308 4603 Adamo,
1429 4545 1433 4562 ¹
