3225 5217
1251 529 1312 594 133

173 702 371 785 propagines
406 707 478 766 tuas
507 700 643 786 pulchre
675 699 850 784 disponere
880 708 914 764 et
942 700 1108 766 inoculare
1139 703 1313 788 possimus.

174 810 204 878 O
226 809 302 874 luna
324 833 455 897 semper
475 811 604 894 lucida,
633 832 676 876 ne
705 833 816 876 cesses
837 815 966 897 praeire
987 813 1082 878 nobis
1104 834 1165 899 per
1185 821 1316 879 noctem

173 925 351 1010 impietatis
374 931 408 988 et
429 921 670 1008 scripturarum
693 923 847 988 tenebras
871 931 905 987 et
926 923 1149 990 difficultates.
1185 924 1316 991 Oeon-

170 1036 232 1120 jux
261 1043 296 1100 et
324 1055 434 1098 comes
462 1043 495 1099 te
525 1035 803 1100 circumradiantis
834 1038 897 1099 viri
925 1037 974 1100 tui
1001 1036 1081 1100 solis
1103 1034 1244 1118 Christi,
1273 1057 1315 1102 ns

174 1145 305 1212 desinas
326 1147 453 1211 radium
476 1167 520 1211 ex
544 1167 583 1211 eo
606 1148 700 1211 nobis
719 1147 910 1231 infundere,
940 1157 978 1212 ut
999 1150 1046 1211 ita
1066 1168 1127 1232 per
1149 1156 1183 1212 te
1205 1148 1316 1213 multis

172 1257 384 1322 luminaribus
419 1262 581 1341 accensis,
618 1280 657 1324 ea
689 1259 749 1324 tibi
788 1280 902 1324 rursus
935 1257 1130 1344 appendam.
1179 1258 1224 1323 Jo
1250 1259 1316 1324 Dei

172 1371 346 1451 thesaure,
377 1392 435 1436 oro
464 1379 499 1436 te
523 1379 555 1435 et
578 1370 740 1453 obtestor,
772 1393 889 1456 purum
913 1379 947 1436 et
967 1373 1094 1456 regium
1116 1391 1217 1435 verae
1238 1378 1315 1434 tuae

172 1484 323 1567 imaginis
346 1491 518 1567 argentum
540 1481 670 1546 abunde
696 1481 791 1548 nobis
819 1503 919 1567 porro
949 1480 1142 1567 suppedito,
1172 1481 1315 1545 utillud

173 1596 206 1658 in
234 1596 466 1678 trapezitarum
493 1602 621 1658 tuorum
648 1596 772 1658 animas
800 1593 992 1675 demittens,
1024 1595 1072 1657 ita
1102 1601 1137 1658 te
1166 1614 1226 1677 per
1256 1613 1315 1658 eos

174 1704 283 1772 ditem.
326 1705 479 1788 Denique
508 1712 545 1769 ut
571 1713 606 1770 te
638 1707 759 1770 iteruin
786 1727 867 1770 vero
894 1707 1026 1769 nomine
1054 1704 1264 1789 compellem,
1294 1726 1314 1769 o

174 1837 259 1900 quae
281 1815 427 1901 adjutrix
450 1819 521 1881 viro
543 1825 600 1880 tuo
630 1837 651 1880 a
673 1817 746 1882 Deo
776 1817 868 1882 facta
896 1837 932 1881 es
959 1824 994 1880 et
1021 1819 1171 1902 cognita,
1199 1836 1314 1902 perge,

172 1947 300 2014 precor,
322 1949 383 1992 nos
395 1929 652 2012 tuerinobisque
663 1931 697 1992 in
710 1931 797 1992 omni
817 1937 968 2015 tempore
990 1936 1025 1993 et
1044 1929 1118 1993 loco
1131 1937 1165 1993 et
1183 1929 1314 1992 actione

172 2039 339 2121 auxiliari:
374 2039 486 2120 nobis,
520 2041 671 2124 inquam,
706 2043 764 2124 qui
797 2041 981 2126 legatorum
1015 2049 1145 2105 tuorum
1179 2060 1314 2104 munere

172 2152 353 2236 fungimur,
384 2154 441 2235 qui
467 2172 588 2235 eorpus
618 2162 653 2217 et
679 2155 818 2216 animam
847 2161 992 2218 nostram
1014 2162 1150 2237 propter
1171 2161 1206 2216 te
1227 2152 1314 2216 ultro

171 2283 296 2348 ponere
327 2265 434 2348 parati
456 2284 587 2346 sumus,
614 2271 647 2327 et
675 2272 831 2346 quantum
863 2273 943 2349 pots
972 2273 1040 2345 est,
1069 2264 1222 2329 alacriter
1250 2263 1315 2328 ad·

167 2376 279 2460 jutrioi
302 2383 442 2440 nostrae·
456 2377 690 2456 succurrimus,
722 2384 755 2440 et
785 2375 932 2458 quotidie
960 2383 1153 2460 propterte
1174 2383 1314 2440 mortem

172 2489 368 2571 appetimus,
391 2495 425 2550 et
442 2487 607 2571 propriam
620 2487 781 2551 cervicem
794 2486 906 2572 gladio
923 2487 1103 2574 objicimus,
1128 2495 1161 2551 et
1177 2495 1314 2572 propter
1402 2543 1407 2552 .

170 2607 204 2663 te
233 2600 400 2682 proprium
431 2599 601 2683 sanginem
634 2606 781 2662 nostrum
811 2606 944 2664 strenue
972 2598 1157 2680 fundimus,
1190 2600 1316 2682 quique

170 2708 256 2774 adeo
285 2730 414 2774 omnem
444 2711 530 2774 hunc
560 2712 747 2775 ecrtaminis'
775 2731 905 2774 cursum
938 2718 1053 2774 contra
1066 2741 1074 2748 -
1087 2709 1201 2774 hostes
1238 2718 1314 2774 tuos

168 2843 229 2906 pro
260 2820 451 2888 defensioue
479 2829 537 2886 tua
563 2823 714 2906 generosi
743 2822 907 2903 subimus,
942 2830 980 2886 ut
1016 2820 1183 2886 exaltetur
1212 2835 1329 2886 cornu·

169 2942 260 2998 tuum
288 2941 322 2998 et
350 2942 387 2998 ut
405 2930 622 2998 ‘adversarios
652 2941 727 2998 tuos
751 2933 961 3018 subjiciamus
991 2933 1120 2998 duobus
1150 2932 1314 2998 cornubus

169 3044 234 3110 Dei
256 3047 304 3110 tui
328 3053 361 3110 et
383 3043 480 3128 Agni,
504 3043 631 3109 duabus
650 3047 782 3128 inquam
797 3047 922 3108 naturis
945 3053 980 3108 et
1001 3044 1267 3130 operationibus“
1281 3044 1314 3127 ¹).

196 3197 199 3204 ⁴
260 3155 325 3220 Hic
344 3158 446 3241 igitur
470 3165 522 3221 est
542 3156 616 3219 finis
640 3158 741 3222 totius
762 3157 859 3242 hujus
878 3159 988 3240 operis
1013 3157 1046 3218 in
1069 3155 1313 3238 Hexaemeron,
1398 3180 1402 3187 *
1441 3208 1444 3215 .

169 3267 346 3333 Anastasio
382 3289 462 3332 sane
476 3299 479 3306 ·
492 3289 589 3351 quarn
622 3270 765 3333 maxime
802 3267 923 3354 dignus
957 3275 991 3332 et
1025 3270 1241 3350 conveniens,
1276 3277 1313 3332 ut

171 3400 268 3463 quem
294 3380 363 3464 jam
392 3381 426 3442 in
447 3378 589 3464 Hodogo
618 3377 791 3446 Ecclesiae
819 3382 992 3444 veritatem
1023 3378 1202 3445 fortissime
1231 3401 1314 3465 pro-

169 3499 370 3576 pugnantem
393 3489 580 3556 viderimus.
627 3491 721 3570 Quae
744 3499 854 3555 autern
873 3489 1070 3556 Anastasius
1093 3494 1126 3555 in
1147 3491 1198 3557 his
1220 3492 1313 3556 libris

172 3601 214 3668 de
237 3621 331 3666 sacra
352 3601 561 3666 Eucharistiae
579 3601 720 3683 babeat,
742 3605 878 3687 proprio
900 3603 974 3668 loco
996 3603 1180 3667 videbimus
1193 3601 1225 3683 ²).

257 3711 432 3779 Caeterum
453 3713 509 3779 ille
531 3713 623 3778 locus
645 3713 716 3777 libr.
740 3713 815 3778 VII.
838 3715 899 3780 ool.
924 3717 986 3779 949
1011 3725 1044 3779 et
1066 3716 1147 3794 950,
1178 3717 1236 3799 qui
1257 3717 1313 3779 in-

170 3827 268 3910 cipit:
293 3825 404 3910 ,Nam
426 3832 553 3910 septem
574 3823 671 3890 diest
697 3833 732 3890 et
754 3824 890 3890 desinit:
916 3827 1102 3917 ,Dominus
1124 3830 1271 3892 surrexit
1292 3848 1313 3891 a

169 3939 338 4018 mortuis“,
363 3957 406 4002 ex
429 3938 622 4021 quaestione
645 3935 722 4021 W)
743 3936 962 4022 interpolatus
983 3937 1116 4002 videtur
1135 3959 1243 4022 neque
1265 3941 1312 4003 ita

170 4050 335 4114 cohaeret

1001 4268 1311 4280 Ἥ

240 4429 261 4497 ¹)
281 4427 326 4481 Sic
345 4429 508 4494 conjectavi.
533 4405 635 4481 'Locus
653 4433 724 4482 enim
743 4435 786 4482 est
803 4430 924 4502 mutilus.
961 4431 1009 4497 (cf.
1029 4431 1081 4482 col.
1103 4431 1192 4497 1077.)

240 4523 263 4590 ¹)
281 4523 336 4574 vid.
356 4525 426 4574 infra
445 4539 505 4590 cap.
523 4525 599 4576 VIII.
807 4525 831 4591 ⁸)
849 4526 902 4576 col.
920 4528 980 4578 868.
1056 4559 1063 4572 .
