3225 5217
300 520 362 583 166

298 693 381 756 sium
411 671 558 756 nostrum
566 739 581 774 ,‚
611 694 708 757 immo
735 695 845 760 ,etiam
878 692 1025 778 ejusdem
1057 696 1214 779 temporis
1242 693 1444 774 haereticos,

298 807 440 870 unanimi
462 807 625 869 sententia
652 788 1053 870 transsubstantiationem
1080 807 1114 867 in
1143 803 1203 870 SS.
1231 798 1440 868 Eucharistia

299 918 495 1000 credidisse,
525 920 587 982 etsi
613 917 698 981 hanc
724 919 830 1001 ipsam
856 938 972 997 vocem
1001 938 1066 981 non
1092 916 1310 982 adhibuerint
1353 917 1440 995 Quin
1484 907 1489 923 '

175 1069 179 1073 -
298 1051 403 1112 usque
425 1029 510 1094 adeo
532 1029 684 1114 procedit
699 1028 896 1092 Anastasius
919 1037 1033 1092 contra
1054 1027 1237 1113 Gajanitas‚
1259 1037 1297 1093 ut
1317 1031 1440 1092 sentire

297 1140 465 1222 videatur,
494 1144 527 1204 in
548 1140 757 1204 Eucharistia
787 1140 854 1204 tale
880 1139 1003 1205 Christi
1034 1161 1153 1224 eorpus
1180 1139 1315 1220 adesse,
1342 1139 1439 1223 quale

297 1253 362 1316 fuit
394 1261 470 1318 ante
500 1255 791 1334 resurrectionem,
832 1255 853 1315 i.
887 1273 915 1316 e.
949 1252 1169 1337 corruptibile
1224 1252 1314 1316 Dicit
1344 1253 1440 1334 enim,

299 1363 599 1449 „incorruptibilem
628 1373 776 1428 naturam
804 1385 871 1428 non
897 1363 1019 1445 scindi,
1049 1385 1158 1447 neque
1185 1353 1303 1444 dividi,
1332 1383 1440 1446 neque

300 1475 385 1557 edi“,
409 1475 682 1559 quemadmodum
714 1475 821 1540 scindi
846 1485 879 1540 et
903 1474 1005 1539 dividi
1034 1484 1068 1538 et
1090 1475 1144 1539 edi
1166 1496 1286 1560 eorpus
1308 1473 1440 1540 Christi.

317 1599 323 1606 '
385 1587 479 1652 Haec
502 1596 577 1652 sunt
600 1585 691 1670 quae'
708 1609 751 1652 ex
773 1587 918 1672 Hodego
940 1595 1063 1672 patent
1106 1587 1214 1650 Multa
1239 1585 1358 1650 deinde
1378 1607 1441 1651 nec

298 1701 385 1764 levia
407 1699 448 1763 de
463 1698 522 1766 SS.
538 1698 766 1763 Eucharistiae
785 1697 998 1764 Sacramento
1021 1707 1055 1763 et
1076 1699 1236 1763 sacrificio
1255 1700 1441 1762 testimonia

298 1811 401 1876 habes
434 1814 466 1874 in
502 1813 649 1878 oratione
687 1810 753 1895 „de
787 1831 882 1874 sacra
913 1813 1076 1894 synaxi“,
1110 1831 1195 1893 quae
1228 1811 1441 1874 communiter
1474 1865 1477 1870 .

298 1922 477 1986 Anastasio
500 1929 613 1986 nostro
636 1921 843 2002 attribuitur,
875 1930 909 1986 et
939 1943 1037 2005 quam
1058 1943 1209 2005 magnam
1230 1927 1357 2004 partem
1379 1918 1440 1986 tibi

298 2055 398 2118 supra
429 2036 588 2119 proposui
608 2033 643 2117 ¹).
697 2033 762 2098 Hic
799 2034 905 2098 solum
934 2033 992 2102 illa
1031 2033 1134 2096 verba
1168 2035 1285 2096 iterum
1325 2038 1441 2096 notare

294 2146 403 2230 juvat,
426 2145 545 2227 quihus
569 2144 662 2208 dicit:
677 2143 912 2228 „Sacerdotem
934 2152 1012 2229 post
1033 2147 1314 2208 consecrationem
1336 2145 1441 2208 sacri-

298 2255 364 2318 ficii
392 2255 479 2319 illius
506 2257 666 2320 incruenti
694 2256 826 2322 elevare
852 2277 971 2342 panem
993 2259 1082 2320 vitae
1105 2265 1139 2321 et
1161 2257 1311 2322 omnibus
1332 2257 1439 2340 ipsum

299 2366 474 2430 ostendere
485 2364 521 2450 ²).
580 2380 586 2389 “

384 2476 438 2542 Ab
485 2478 546 2542 hac
587 2478 755 2544 Anastasii
796 2482 901 2544 nostri
943 2501 1041 2563 quam
1084 2479 1255 2562 hucusque
1296 2477 1438 2542 vidimus

298 2592 461 2654 sententia
482 2593 613 2656 minime
635 2589 760 2656 recedit
788 2592 872 2656 liber
892 2591 974 2656 XII.
1002 2595 1036 2654 in
1057 2589 1309 2671 Hexaemeron‚
1339 2611 1438 2674 quem

299 2699 430 2783 quidam
460 2703 816 2769 transsubstantiationi
847 2703 935 2767 haud
969 2703 1084 2767 favere
1119 2701 1301 2766 voluerunt.
1351 2703 1437 2768 Nam

299 2813 469 2896 explicans
490 2813 581 2876 illum
604 2813 711 2878 locum
736 2813 819 2879 Gen.
840 2816 932 2896 322:
967 2814 1039 2898 „Ne
1060 2814 1148 2878 forte
1175 2815 1284 2878 mittat
1309 2835 1440 2878 manum

298 2945 390 2988 suam
425 2932 458 2988 et
487 2902 598 2988 sdmat
632 2925 673 2990 de
707 2925 794 3010 ligno
828 2929 936 3007 vitae,
970 2934 1003 2990 et
1036 2925 1188 2990 comedat
1220 2935 1255 2990 et
1286 2929 1379 2989 vivat
1406 2927 1440 2988 iu

223 3032 228 3041 ’
297 3036 503 3116 aeternum“‚
533 3036 583 3100 his
614 3036 723 3102 verbis
754 3036 886 3101 disserit
897 3036 940 3120 ἢκ
981 3036 1109 3119 „Sicut,
1144 3040 1267 3121 inquit,
1301 3061 1368 3102 non
1396 3036 1439 3102 de

297 3167 458 3231 corporea
490 3156 596 3211 morte
634 3146 719 3210 dixit
747 3143 859 3212 Deus}
892 3149 1010 3230 „Qua
1045 3148 1098 3213 die
1136 3148 1190 3238 de·
1212 3150 1269 3213 illo
1298 3149 1439 3214 mandu-

295 3258 426 3338 babitis‚
448 3267 554 3338 morte
575 3260 796 3322 moriemini“³
808 3258 846 3342 ⁴),
868 3263 915 3324 sic
934 3270 969 3324 et
987 3263 1040 3326 hic
1054 3261 1303 3348 intelligendum
1319 3269 1377 3326 est.
1389 3308 1398 3324 .
1410 3307 1438 3324 ..

297 3370 378 3447 Quis
400 3376 510 3433 autem
539 3378 589 3434 est
612 3371 719 3452 cibum
753 3372 846 3456 cujus
877 3375 1043 3457 particeps
1072 3376 1163 3438 vivet
1190 3376 1225 3438 in
1246 3373 1438 3438 aeternum?

297 3479 373 3545 Scio
397 3480 529 3563 quidem
551 3503 612 3546 vos
644 3504 774 3563 omnes,
804 3483 1002 3567 simulatque
1031 3485 1095 3549 hoc
1122 3487 1260 3550 verbum
1288 3485 1438 3556 audistis,

295 3595 406 3656 statim
429 3591 470 3656 de
493 3595 744 3677 participatione
766 3577 998 3677 mysteriorum
1020 3600 1168 3681 corporis
1191 3596 1314 3661 Christi
1343 3600 1437 3683 cogi·

294 3709 393 3766 tasse.
438 3701 526 3780 Quid
548 3705 656 3788 igitur,
681 3703 734 3768 dic
764 3705 859 3789 mihi,
889 3726 1002 3772 omnes
1025 3711 1081 3791 qui
1102 3711 1136 3772 in
1157 3707 1309 3774 Ecclesia
1330 3712 1435 3796 parti-

295 3815 419 3898 cipant,
457 3814 581 3879 habent
614 3817 714 3879 vitam
750 3825 917 3882 aeternam
953 3841 1061 3902 neque
1091 3823 1231 3903 quisque
1261 3842 1373 3885 eorum
1401 3823 1436 3884 in

293 3945 440 4009 poenam·
456 3934 622 3990 aeternam
651 3913 828 3994 deveniet?
860 3930 977 4014 'Atqui
999 3930 1176 3996 Corinthiis
1203 3935 1434 4015 mysteriorum

292 4037 564 4120 participantibus
587 4041 697 4102 statim
720 4060 758 4104 ea
776 4042 850 4124 ipsa
867 4044 1075 4126 participatio
1094 4045 1128 4106 in
1138 4051 1276 4106 mortem
1289 4046 1390 4108 cessit
1397 4043 1434 4127 ⁵),

294 4249 653 4263 ....--ι.-..-....-.
659 4259 777 4264 .....-...
1122 4258 1434 4269 ———--—---—

363 4411 385 4478 ¹)
403 4428 486 4478 supra
503 4429 530 4478 p.
550 4416 600 4467 137
618 4431 675 4482 sqq.
831 4419 854 4484 ²)
873 4419 907 4468 ci.
926 4433 1011 4484 supra
1026 4435 1054 4484 p.
1075 4421 1125 4470 142
1142 4426 1199 4472 not.
1212 4421 1237 4478 3·

361 4506 383 4572 ³)
403 4494 454 4558 00'1.
474 4511 541 4561 roae
561 4524 635 4573 seqq.
741 4511 763 4577 ⁴)
782 4511 850 4562 een.
870 4515 900 4577 2,
919 4515 960 4563 rr.
1067 4514 1200 4580 ¹)100r.
1220 4517 1267 4581 11,
1286 4518 1328 4568 ao.
