3225 5217
1245 507 1332 596 roe‘

169 709 362 792 exponimus
377 728 437 792 per
452 707 664 791 allegoriam“
679 707 712 790 ¹),
735 706 794 771 sed
814 710 1042 789 „excutientes
1056 709 1180 791 spicam
1191 706 1309 791 Scrip-

53 851 56 854 ·
167 829 261 885 turae
292 819 334 884 ab
365 821 570 884 extrinsecus
599 820 753 904 imposito
783 820 941 904 operculo
970 819 1100 884 litterae
1128 819 1308 900 Mosaicae,

167 935 303 1016 primam
334 935 511 1013 rationem,
545 953 700 1016 granum,
734 934 884 1015 inquam,
918 930 1007 1015 quod
1037 940 1089 996 est
1109 931 1308 994 frumentum
1418 948 1423 956 ’

166 1035 252 1108 intra
273 1043 486 1125 absconsum,
508 1065 627 1128 nempe
650 1043 816 1109 Christum
837 1045 1050 1126 inquirimus“
1064 1043 1100 1126 ⁹).

253 1153 329 1220 Jam
341 1176 432 1234 voro,
452 1155 614 1221 benevole
627 1155 759 1237 Lector,
777 1176 876 1238 quum
888 1157 1032 1219 auctoris
1047 1157 1151 1240 ipsius
1165 1163 1308 1221 mentem

167 1273 199 1334 in
222 1266 449 1353 componendo
472 1266 536 1332 hoc
558 1287 659 1351 opere
681 1269 761 1331 satis
784 1264 997 1348 ostenderim,
1020 1268 1172 1348 quisnam
1192 1276 1309 1332 auctor

166 1379 350 1446 censendus
380 1381 438 1460 sit,
471 1399 514 1442 ex
542 1381 616 1462 ipso
633 1399 739 1463 ,opere
761 1377 949 1458 videamus,
977 1380 1011 1440 iu
1041 1387 1200 1461 quantum
1227 1401 1309 1444 con-

162 1494 266 1579 jicere
300 1491 377 1554 licet
413 1511 456 1554 ex
488 1492 638 1554 versione
668 1489 804 1570 Latina,
840 1510 940 1572 quum
974 1475 1124 1554 Graecae
1158 1493 1308 1556 veritatis

167 1607 262 1690 copia
284 1603 371 1666 mihi·
384 1601 487 1683 desit,
510 1611 546 1666 ut
565 1603 634 1686 jam
656 1610 733 1666 ante
756 1600 837 1664 dixi.

252 1714 357 1798 Atqui
384 1713 479 1778 multi
501 1713 633 1797 quidem
663 1713 727 1778 loci
749 1712 961 1778 Anasi-esium
983 1723 1147 1796 nostrum,
1175 1713 1309 1802 Hodegi
1419 1789 1423 1797 ,

165 1836 350 1909 auctorem,
383 1824 535 1890 redolent
564 1835 664 1908 atque
696 1824 838 1909 Hodego
869 1828 992 1910 optime
1019 1835 1209 1890 consonant.
1252 1827 1309 1891 Ex

165 1940 283 2025 quibus
301 1941 340 2003 =hi
361 1941 439 2004 milri
461 1937 595 2002 notandi
619 1940 681 2002 visi
704 1945 789 2001 sunt.
1217 1951 1222 1954 ·
1392 2001 1396 2006 ,

250 2054 380 2118 Primus
418 2050 551 2134 quidem
594 2052 649 2132 qui
686 2048 827 2113 habetur
867 2048 922 2114 lib.
961 2048 1017 2112 IV.
1060 2050 1122 2115 col.
1155 2052 1220 2115 900
1256 2051 1306 2120 B:

165 2164 298 2251 „lpsum
320 2164 416 2228 lunae
428 2161 455 2246 3)
477 2183 595 2226 nomen
612 2161 775 2246 signifieat
793 2162 942 2246 gratiam,
965 2181 1084 2246 nempe
1101 2161 1308 2246 baptismatis

164 2279 456 2364 regenerationem.
519 2269 641 2360 Σελήνη
675 2276 779 2355 enim,
822 2275 842 2336 i.
876 2293 904 2337 e.
937 2273 1032 2355 luna,
1073 2275 1308 2358 interpretatur

165 2387 264 2464 σέλας
296 2385 442 2474 νηπίων,
474 2385 508 2450 id
543 2395 609 2468 est,
642 2366 755 2472 iulgor
787 2385 975 2467 infantium,
1010 2393 1044 2449 et
1076 2387 1218 2449 omnium
1251 2387 1310 2469 qui

166 2508 381 2587 generantur,
415 2507 531 2584 utpote
562 2497 652 2582 quod
681 2497 724 2562 ab
751 2506 844 2561 utero
872 2496 938 2561 alia
966 2499 1010 2562 sit
1038 2499 1180 2583 piscina:
1213 2495 1309 2572 σέλας

167 2615 251 2677 enim
264 2620 316 2676 est
327 2612 395 2676 lux.
423 2611 492 2676 Aut
514 2631 627 2674 rursus
650 2608 746 2673 lunae
768 2609 880 2694 fulgor
900 2617 952 2672 est
972 2629 1184 2693 puerascens,
1205 2631 1309 2695 prop-

165 2732 257 2789 terea
280 2723 368 2806 quod
391 2731 552 2808 perpetuo
576 2730 753 2807 generetur
770 2730 803 2785 et
818 2722 1063 2806 regeneretur“.
1100 2720 1196 2786 Haec
1211 2721 1308 2787 lunae

167 2835 313 2900 definitio
336 2833 537 2899 adverbum
561 2842 721 2899 consonet
744 2836 790 2915 ei,
823 2854 922 2917 quarn
944 2836 978 2896 in
1000 2831 1144 2918 Hodego
1172 2832 1310 2898 exhibet

167 2967 237 3032 cap.
261 2949 280 3010 2
304 2946 364 3010 col.
388 2947 430 3010 85
453 2945 502 3009 A:
536 2935 670 3034 σελήνη,
693 2943 793 3022 σέλας
815 2935 976 3029 νηπιάζον
999 2936 1174 3031 (εἴρηται).
1219 2943 1310 3008 Nihil

168 3058 251 3120 enirn
275 3057 363 3122 aliud
393 3078 468 3122 esse
491 3058 745 3141 „puerascens“
770 3058 943 3136 existimo,
971 3075 1080 3138 quam>
1095 3049 1308 3140 ,rpnrdlofl

166 3167 368 3239 translatum.

252 3279 383 3344 Deinde
404 3280 537 3344 notandi
561 3288 637 3344 sunt
659 3279 845 3364 complures
867 3258 943 3361 loci,
965 3282 1023 3363 qui
1034 3278 1169 3364 Hodegi
1181 3278 1310 3342 cuidam

166 3391 256 3470 loco,
290 3412 364 3476 cap·
391 3393 440 3454 14.
471 3391 531 3456 col.
557 3393 619 3456 236
649 3399 684 3454 et
712 3391 794 3472 237,
830 3393 953 3475 optime
980 3399 1176 3471 consonent,
1209 3399 1310 3472 atque

167 3503 253 3566 lrunc
270 3501 402 3586 quidem
421 3505 639 3588 praemittam,
665 3523 730 3586 quo
754 3503 968 3586 sequentibus
984 3502 1166 3587 allegandis
1180 3502 1310 3566 facilius

168 3617 351 3699 comparari
369 3617 483 3699 possit.
517 3614 623 3700 Igitur
635 3613 769 3700 Hodegi
786 3622 911 3697 auctor,
934 3623 1110 3700 postquam
1127 3615 1311 3680 haereticos

167 3729 402 3811 interrogavit,
440 3747 498 3790 cur
522 3725 673 3792 Christus
704 3727 879 3810 Dominus,
914 3730 943 3792 si
971 3727 1067 3791 nobis
1098 3729 1132 3790 iu
1156 3724 1310 3790 'omuibus

167 3847 300 3922 praeter
331 3847 501 3922 peccatum
532 3838 645 3902 similis
680 3859 753 3904 esse
787 3839 964 3920 noluisset,
998 3861 1063 3903 non
1095 3841 1129 3901 in
1162 3836 1311 3922 angelica

167 3959 225 4014 aut
246 3949 356 4033 aliqua
379 3949 444 4016 alia
465 3950 634 4014 illustriori
663 3959 785 4014 natura
802 3951 924 4015 mundo
946 3951 1154 4035 apparuerit,
1188 3945 1248 4013 sed
1277 3950 1312 4012 in

169 4061 372 4147 corruptibili
394 4070 428 4126 et
449 4063 580 4128 mortali
603 4070 636 4126 et
654 4044 759 4126 fluxili
772 4083 879 4147 carne,
901 4062 975 4126 loco
999 4064 1098 4126 citato
1121 4064 1170 4126 sic
1191 4082 1311 4146 prose·-

238 4439 260 4506 ¹)
280 4440 331 4490 col.
351 4441 402 4492 889
420 4441 453 4492 D.
541 4451 553 4477 θ
768 4440 790 4507 ²)
810 4441 861 4490 col.
880 4443 932 4492 889
950 4440 983 4499 Α.

238 4534 260 4602 ³)
280 4536 357 4586 Luna
375 4550 442 4588 vero
460 4537 566 4586 auctori
585 4539 627 4586 cst
644 4539 728 4601 typus
747 4535 888 4587 Ecclesiae
908 4534 1009 4605 (ibid).
