3225 5217
274 502 323 593 s

300 672 361 735 sub
377 672 401 753 ¹)
422 672 574 757 Gregorii
595 681 744 755 mortem,
767 673 1080 741 iterum'Ecelesiam
1091 674 1330 743 Antiochenam
1350 678 1441 742 rexit

297 780 402 847 'anuos
417 782 516 867 aeni)
527 804 569 847 ec
582 782 666 848 diem
688 806 874 871 supremum
893 786 975 849 obiit
991 788 1107 851 astu.
1119 785 1144 869 ³)
1160 786 1279 856 dieti.
1293 786 1319 869 ⁴)
1334 787 1439 873 April.

298 903 336 959 ut
356 894 457 959 habet
479 895 650 979 Martyrol.
674 896 866 961 Romanum.

233 1018 237 1026 “
311 1042 313 1045 -
384 1005 445 1070 Vir
466 1008 529 1071 iste
540 1007 738 1071 Anastasius
759 1006 793 1072 S.
807 1006 970 1094 Gregorio
993 1008 1039 1072 li
1060 1010 1333 1075 familiarissimus
1356 1017 1438 1091 crat,

298 1126 335 1181 ut
365 1117 469 1203 liguet
502 1139 546 1182 ex
576 1117 731 1205 Gregorii
760 1119 805 1181 M.
839 1118 1006 1203 epistolis,
1039 1140 1124 1202 quae
1155 1120 1265 1185 adhuc
1296 1128 1439 1185 exstant

298 1228 433 1317 Utinam
467 1250 523 1294 eas
558 1248 698 1313 quoque¹
723 1228 936 1310 haberemus,
971 1250 1038 1311 qua
1065 1233 1136 1315 ipse
1164 1230 1362 1301 Anastasius
1395 1230 1438 1295 ad

298 1338 492 1424 Fregorium
525 1341 651 1425 Papum
685 1338 793 1404 dediti
848 1339 915 1403 Hic
951 1341 1105 1423 pontifex
1136 1362 1211 1405 eum
1243 1362 1374 1425 semper
1405 1344 1441 1406 in

297 1451 491 1535 patriarchis
512 1450 656 1516 habebut
669 1450 695 1535 ⁵-)
728 1459 829 1534 atquc
851 1450 1026 1515 admodum
1049 1472 1151 1537 aegre
1172 1452 1319 1534 ferebat,
1348 1452 1439 1536 quod

298 1563 331 1625 in
368 1560 502 1629 exilium
534 1562 653 1626 missus
688 1571 778 1627 esset
809 1582 919 1645 neque
954 1566 1075 1627 missus
1106 1565 1344 1655 restitueretur.
1387 1563 1440 1629 Ac

297 1680 389 1736 tanto
421 1693 494 1736 eum
524 1672 649 1737 honore
678 1674 961 1758 prosequebatur,
990 1682 1028 1738 ut
1054 1677 1086 1739 ei
1114 1673 1226 1739 claves
1253 1694 1338 1757 quas
1360 1674 1441 1739 dicit

298 1804 324 1846 s.
355 1784 445 1847 Petri
481 1787 717 1849 transmitteret
730 1782 756 1867 ⁶)
791 1805 933 1867 eumque
965 1806 1028 1849 suo
1059 1787 1176 1852 honori
1190 1782 1215 1868 ἵ)
1252 1777 1440 1849 restitutum

299 1914 411 1959 secum
429 1894 556 1961 Romae
579 1896 701 1961 habere
723 1916 829 1979 usque
851 1905 988 1980 cuperet
999 1893 1036 1980 ⁸).
1069 1896 1151 1961 Ideo
1173 1899 1279 1988 eiiam·
1292 1894 1440 1959 libellum

299 2004 342 2069 ad
364 2004 559 2069 Mauricium
588 2006 825 2091 Imperatorem
853 2007 1034 2091 supplicem
1065 2028 1127 2092 pro
1154 2028 1194 2071 eo
1221 2006 1439 2091 disposuerat,

298 2117 358 2181 sed
391 2119 521 2181 mittere
554 2116 657 2181 noluit
688 2120 752 2181 uisi
784 2119 984 2201 interrogato
1017 2120 1108 2203 prius
1139 2120 1243 2203 ipsius
1271 2116 1440 2183 Auastasii

298 2230 416 2307 animo,
440 2248 537 2321 quem
550 2237 587 2293 ut
601 2212 812 2313 exploratum
824 2230 887 2293 sibi
905 2229 1041 2310 faceret,
1064 2228 1232 2291 mandavit
1242 2227 1442 2294 Sebastiano

299 2338 427 2403 cuidam
458 2342 613 2424 episcopo
643 2340 842 2405 Rhisiniensi
860 2338 903 2423 ⁹):
939 2350 1103 2420 attamen,
1137 2337 1215 2422 quid
1241 2337 1438 2404 Anastasius

1299 2502 1436 2511 ...Μ

360 2596 391 2663 Ιι)
410 2598 470 2647 Hoc
487 2596 616 2647 Valesius
635 2597 748 2662 conjicit
764 2600 791 2647 in
810 2600 900 2647 annot
920 2595 955 2647 ad
971 2596 1071 2663 Evagr.
1090 2597 1162 2647 Hist.
1179 2575 1253 2648 libb
1272 2610 1331 2662 cup.
1350 2597 1384 2646 24
1401 2611 1438 2647 ex

298 2690 341 2741 his
350 2690 462 2757 Evagrii
474 2691 580 2742 verbis:
597 2688 699 2742 elsua
718 2688 744 2742 δὲ
762 2687 945 2763 ppt-(iprae...
963 2686 1111 2742 daacrcoiou
1126 2699 1163 2761 τῷ
1176 2686 1260 2761 ainis
1268 2686 1437 2746 duchudivtcc

299 2780 394 2861 θρόνῳ.

368 2877 390 2945 ²)
409 2879 452 2931 Ex
469 2880 618 2944 Nicephori
642 2879 788 2943 Chronic03
821 2879 1001 2944 Theophanes
1027 2883 1056 2931 in
1080 2880 1182 2929 tabulis
1206 2893 1291 2931 anuos
1319 2882 1438 2944 quinque

299 2977 403 3023 tantum
423 2976 448 3025 ei
465 2976 591 3025 restituto
610 2974 747 3039 attribuit,
767 2973 817 3023 col.
838 2974 903 3023 1291
923 2989 958 3024 ex
975 2972 1120 3025 Gallairdio
1138 2974 1201 3023 Vct.
1218 2972 1293 3023 Patr.
1307 2972 1436 3023 Biblioth.

298 3072 363 3117 tom.
383 3069 424 3119 12.
443 3084 505 3133 pag.
525 3071 566 3119 li.

368 3161 391 3228 ⁸)
410 3161 565 3215 Secundum
583 3162 652 3213 alios
671 3176 694 3211 a.
713 3162 778 3227 598,
797 3160 846 3213 sed
864 3162 899 3213 ci.
919 3163 969 3213 coi.
989 3162 1057 3214 1305
1075 3165 1103 3213 et
1123 3162 1189 3213 1306
1207 3160 1232 3211 A
1251 3176 1287 3209 ex
1304 3159 1365 3209 Act.
1389 3157 1437 3210 SS.

300 3260 366 3307 tom.
384 3257 432 3307 1v.
453 3256 507 3305 Jul.
526 3270 588 3321 pag.
607 3257 649 3307 99.

343 3339 346 3346 ’
368 3347 390 3415 ⁴)
409 3346 564 3400 Secundum
581 3350 766 3415 Menologium
776 3348 943 3401 Graecorum
960 3355 1030 3415 part.
1048 3348 1097 3399 111.
1115 3351 1194 3413 pti.
1213 3348 1258 3399 die
1272 3349 1312 3398 20.
1324 3348 1436 3411 Aprilis.

368 3441 390 3509 ι)
410 3444 593 3510 „Praeterea,
618 3446 699 3503 sicuti
722 3444 885 3509 patriarchis
909 3445 984 3507 aliis,
1011 3442 1172 3509 synodicam
1189 3443 1268 3493 vobis
1291 3441 1438 3505 epistolam

299 3538 400 3601 direxi3
419 3541 483 3604 quia
496 3538 569 3603 apud
581 3554 623 3589 me
639 3554 747 3603 semper
761 3538 814 3598 hoc
831 3542 906 3602 estis,
925 3536 996 3601 quod
1010 3553 1046 3587 ex
1059 3537 1250 3601 omnipotentis
1261 3534 1314 3586 Dei
1327 3549 1438 3585 munere

299 3635 443 3697 accepistis
461 3648 537 3698 esse,
565 3648 619 3683 non
637 3633 710 3697 quod
734 3636 769 3685 eir
786 3632 928 3684 voluntate
951 3617 1089 3681 hominum
1112 3632 1245 3695 putamini
1268 3644 1322 3679 non
1346 3627 1437 3680 esse.“

298 3724 358 3776 Lib.
378 3730 458 3791 epist.
477 3727 497 3776 1.
518 3742 561 3792 ep.
580 3729 622 3778 26.

370 3819 392 3886 ⁶)
410 3821 478 3885 Reg.
498 3824 576 3885 epist.
595 3821 641 3871 lib.
660 3820 681 3869 Ι.
701 3835 744 3886 ep.
764 3820 804 3871 26.
841 3818 902 3870 Hae
920 3824 1011 3869 autem
1039 3820 1153 3885 „claues
1172 3818 1212 3870 st.
1231 3817 1327 3869 Petri“
1352 3820 1437 3869 luisse

298 3912 424 3965 videntur
452 3915 583 3979 reliquias
607 3929 701 3965 sacras
729 3914 817 3965 thecis
844 3914 958 3964 sormam
982 3914 1101 3965 clavium
1128 3913 1292 3964 habentibus
1316 3912 1437 3963 inclusae

299 4024 361 4079 oum
378 4009 491 4073 pulvere
510 4008 544 4059 de
563 4011 666 4059 catenis
676 4008 703 4060 S.
717 4006 792 4059 Petri
811 4008 935 4059 collecto.
963 4007 1017 4059 Eas
1033 4006 1062 4059 S.
1075 4006 1223 4073 Gregorius
1235 4010 1318 4058 variis
1336 4009 1438 4071 passim

300 4102 370 4161 dono
389 4102 478 4169 dedit,
496 4106 527 4153 ut
544 4107 622 4167 patet
640 4102 753 4167 exejus
773 4103 906 4169 epistolis.
1007 4081 1011 4086 ’

365 4186 390 4261 i)
408 4196 557 4261 Distinguit
566 4200 636 4247 inter
645 4198 775 4248 honorem
788 4202 816 4249 et
825 4180 1183 4262 actualemjurisdictionem
1192 4176 1436 4261 possessionumve.

369 4289 392 4356 ⁸)
411 4290 471 4341 Lib.
489 4291 510 4341 1.
530 4306 573 4355 ep.
594 4294 616 4341 l.
635 4295 663 4341 in
680 4290 741 4342 fine.

368 4385 391 4451 ο)
409 4385 469 4437 Lib.
488 4384 509 4435 I.
529 4400 571 4451 ep.
592 4386 633 4437 27.
660 4386 769 4453 „Indico
788 4389 991 4453 suggestionem
1007 4401 1052 4437 me
1071 4386 1144 4451 apud
1160 4388 1298 4452 piissimos
1316 4384 1439 4434 dominos

300 4480 440 4549 (intelligit
457 4480 620 4531 Mauricium
639 4480 768 4533 etlilium
787 4481 848 4545 ejus
859 4481 1043 4533 Theodosium
1057 4481 1116 4545 jam
1135 4478 1306 4557 coronatum)
1325 4477 1439 4529 summis
