3225 5217
1259 541 1299 608 ‘lt

161 714 233 782 aliis
261 718 363 782 variis
392 715 474 782 locis
503 735 543 780 ao
574 715 775 801 temporibus
797 723 913 782 auctus
938 723 971 782 et
993 715 1173 782 absolutus.
1216 713 1304 780 Hinc

160 829 215 906 fit,
247 836 285 892 ut
311 831 346 893 iu
372 827 542 892 codicibus
570 829 801 912 manuscriptis
828 831 910 893 mire
936 831 1045 912 yariet
1074 829 1302 912 quaestionum

161 961 331 1032 numerus,
367 960 431 1004 uec
457 942 530 1025 ipse
560 937 742 1006 Gentianus
771 940 957 1021 Hervetus,
996 943 1053 1024 qui
1088 961 1144 1005 ess
1168 943 1303 1032 primus

161 1050 285 1132 edidit,
317 1051 429 1136 plures
456 1072 553 1135 quam
582 1053 626 1116 93
656 1051 784 1115 dederit
813 1059 847 1116 et
867 1051 949 1116 istas
972 1051 1104 1135 quidem
1125 1050 1308 1124 Anastasio¹

161 1161 309 1226 Niraeno
331 1164 528 1248 ascriptus.“

126 1353 135 1372 ἲ
245 1275 340 1354 Quae
363 1274 468 1339 Cavei
489 1274 592 1340 verba
618 1275 768 1340 referens
790 1273 940 1340 Oudinus
971 1297 1043 1340 eum
1075 1277 1220 1362 graviter
1247 1296 1305 1340 re·

160 1385 348 1470 prehendit,
371 1386 460 1470 quod
480 1408 563 1472 opus
580 1385 811 1470 interpolatum
830 1407 905 1452 esse
925 1387 1022 1451 dicat
1035 1387 1058 1468 ¹)
1095 1383 1174 1472 lpse
1191 1389 1305 1471 itaque

161 1495 310 1562 Oudinus
333 1497 552 1576 Quaestiones
575 1506 610 1562 et
628 1497 877 1583 Responsiones
899 1499 959 1562 hes
983 1499 1046 1563 154
1067 1508 1219 1584 spectare
1240 1519 1305 1563 non

160 1629 260 1695 posse
278 1609 405 1694 judicat
426 1608 470 1672 ad
491 1609 701 1674 Anastasium
724 1608 750 1672 Ι.
772 1618 808 1696 et
829 1607 890 1690 lt,
919 1618 1011 1675 reete
1039 1617 1123 1679 'vero
1146 1609 1189 1674 sd
1210 1610 1305 1673 Ane-

161 1724 297 1786 stasium
318 1719 376 1784 lv.
422 1720 565 1804 „Quoad
587 1724 725 1806 primam
747 1729 876 1806 partem
897 1722 961 1786 boe
990 1721 1160 1786 evidenter
1189 1729 1304 1806 putere

162 1855 205 1896 ex
228 1833 280 1896 his
303 1832 471 1912 omnibus,
494 1853 580 1916 quae
595 1831 727 1897 Caveus
746 1832 878 1898 dixerit.
913 1831 1016 1898 Citari
1039 1834 1124 1896 enim
1142 1831 1304 1897 Joannem

161 1943 346 2025 Moschum,
369 1947 426 2028 qui
447 1964 532 2009 anno
549 1944 622 2008 630.
643 1943 807 2026 floruerit3
830 1945 1023 2024 Maximum,
1045 1965 1073 2007 a
1090 1943 1162 2006 662.
1186 1942 1304 2008 dicit.

160 2053 306 2140 Augusti
326 2062 504 2138 mortuum;
534 2042 697 2139 synodum
719 2064 850 2120 sextam
878 2077 937 2120 seu
959 2055 1148 2120 Trullensm
1179 2077 1208 2118 a.
1231 2055 1304 2125 699.

161 2165 323 2248 habitam,
353 2165 462 2250 quoad
486 2187 557 2230 cau.
581 2169 638 2249 893
669 2167 890 2252 Nicephorum
912 2166 1138 2232 Patriareham
1161 2166 1244 2245 ΟΡ..
1271 2173 1305 2230 a.
1371 2208 1374 2214 ·

161 2279 226 2342 806
255 2277 298 2341 ad
328 2277 413 2340 hanc
439 2277 553 2341 sedem
583 2288 768 2362 promotum
797 2287 899 2362 atque
929 2299 959 2342 a
986 2280 1059 2342 898.
1082 2278 1136 2342 die
1159 2280 1189 2340 2.
1214 2277 1305 2343 Junii

161 2397 340 2470 mortuum,
357 2388 500 2470 denique
517 2387 804 2474 Olympiodorum,
823 2393 970 2454 incertae
988 2391 1108 2454 aetatis
1127 2397 1305 2470 auctorem,-

163 2520 261 2584 quem
283 2499 415 2584 plurimi
435 2499 479 2562 ad
501 2521 530 2562 a.
554 2502 626 2564 900.
656 2500 711 2564 vel
739 2503 845 2565 serius
876 2498 1106 2583 eollocent“²).
1150 2499 1196 2564 Et
1224 2500 1307 2563 haee

124 2599 133 2612 ⁰
162 2611 295 2697 quidem
323 2621 414 2678 recte
443 2615 505 2676 nisi
533 2633 618 2696 quae
647 2612 689 2676 de
715 2611 955 2698 Olympiodoro
986 2611 1108 2676 scribit
1153 2609 1189 2678 Si
1220 2612 1307 2674 enim
1416 2627 1417 2630 ’

163 2731 215 2788 eet
235 2725 380 2788 incertae
402 2726 522 2826 aetatis
544 2727 698 2808 scriptor,
722 2745 782 2789 cur
802 2723 846 2788 sd
868 2745 897 2788 a.
920 2725 993 2788 900.
1012 2723 1068 2787 vel
1086 2725 1184 2790 etiam
1199 2725 1306 2786 serius

163 2835 365 2900 collocatur?
408 2835 570 2903 Nimirum
591 2855 632 2899 ne
663 2837 758 2899 citari
785 2838 892 2919 possit
919 2835 962 2899 cb
985 2833 1163 2898 Anastasio
1192 2840 1307 2898 nostro
1367 2898 1379 2918 N

163 2945 289 3011 Sinaita
298 2943 333 3028 ³).
377 2944 504 3010 Claruit
540 2955 649 3010 autem
680 2955 771 3011 certe
806 2954 884 3010 ante
911 2945 1123 3010 Anastasium
1158 2952 1305 3008 nostrum

163 3056 340 3138 Sinaitam,
369 3065 407 3120 ut
428 3065 522 3141 patet
544 3078 587 3121 ex
620 3057 704 3121 libro
726 3056 801 3121 VII.
832 3059 865 3120 in
887 3057 1122 3122 Hexaemeron
1133 3055 1178 3137 ⁴),
1209 3075 1305 3138 quem

162 3167 331 3233 Anastasii
359 3173 464 3235 nostri
494 3191 567 3234 esse
595 3179 713 3255 postea
745 3167 904 3254 probabo.
954 3167 1006 3232 Ibi
1036 3165 1306 3252 Olympiodorum

163 3279 242 3344 dicit
264 3274 367 3347 uoltu
383 3273 424 3348 τὰ
439 3286 532 3358 teia,
555 3289 588 3346 et
609 3281 709 3366 paulo
731 3288 822 3366 post:
846 3325 867 3360 ‚,
876 3267 1023 3348 ἀνανεύει
1045 3277 1081 3344 δὲ
1104 3272 1121 3342 ὁ
1145 3264 1307 3350 πολλάκις

163 3390 371 3480 προῤῥηθεές
395 3383 587 3482 φιλόσοφος
609 3387 627 3459 ὁ
649 3386 706 3480 τῆν
727 3385 969 3480 Ἀλεξανδρέων
990 3393 1059 3468 τοῖς
1082 3378 1188 3476 λόγοις
1210 3410 1305 3454 κατα·

165 3502 331 3591 φωιίσας,
353 3499 400 3580 ὥς
419 3493 540 3591 ταέιιης
561 3494 714 3582 διάκονος
726 3503 763 3588 ⁸).
807 3504 911 3569 Immo
933 3504 986 3569 De
1008 3502 1194 3588 Magistris:
1218 3501 1306 3566 Acta

165 3722 325 3729 ,κη-..--
330 3722 598 3729 «η-...ρ-η-...Μ-..ω-
606 3722 640 3728 ...-
646 3720 1305 3729 ---ψ-...ἫῊ--ᾑ

233 3865 255 3932 ¹)
274 3865 371 3918 Oudin.
391 3872 456 3917 tom.
474 3867 509 3917 11.
530 3866 582 3917 col.
601 3866 660 3917 tot.
765 3862 789 3931 ¹)
808 3862 872 3916 ibld.
892 3863 944 3915 ool.
964 3863 1022 3914 666.

232 3959 256 4026 ⁸)
276 3946 347 4012 Sane
371 3959 495 4012 Oudinus
518 3965 579 4025 ipsa
603 3960 637 4010 de
661 3958 858 4025 Olympiodoro
883 3959 921 4008 nll
945 3960 1013 4010 cortl
1036 3973 1066 4008 se
1091 3957 1197 4009 tradere
1225 3969 1306 4023 posse

163 4057 273 4121 fatetur,
292 4055 355 4106 dum
374 4055 441 4108 dicit
457 4061 522 4109 tom.
541 4055 575 4106 11.
595 4057 646 4105 eol.
660 4057 711 4107 513
728 4054 763 4105 ad
781 4069 806 4104 a.
825 4055 889 4105 99οε
910 4051 1139 4120 „olympiodorus
1158 4053 1319 4103 monachus·

164 4149 294 4215 Graecus,
313 4165 392 4214 quem
410 4128 534 4200 nonnulli
551 4148 696 4199 diaconum
705 4147 847 4199 Ecclesiae
858 4145 921 4213 OP,
940 4147 986 4197 alii
1003 4151 1095 4198 autem
1104 4146 1306 4198 Alexandrinae

164 4245 280 4307 faciunt3
304 4245 429 4295 nonnulli
445 4249 573 4313 unicum,
591 4247 637 4296 alii
655 4245 792 4311 duplicem
812 4243 923 4308 volunt3
936 4279 942 4292 .
953 4279 978 4293 ..
996 4242 1147 4308 prudenter
1164 4237 1273 4306 quldem
1291 4258 1330 4318 a!

163 4336 238 4389 Caro
251 4339 286 4388 ad
296 4352 319 4388 a.
333 4341 384 4390 990
397 4342 553 4405 assignatur
570 4343 596 4390 in
610 4341 741 4390 Historia
750 4342 791 4388 rei
809 4339 957 4389 litterariae
967 4353 993 4404 p.
1006 4323 1065 4404 999,
1084 4336 1168 4388 donet
1180 4341 1306 4403 exurgat,

165 4435 212 4498 qui
229 4436 347 4484 certiora
365 4433 489 4485 doceat“.
1146 4412 1150 4427 ⁵

232 4526 255 4592 ⁴)
274 4527 325 4578 col.
345 4530 404 4579 937.
699 4527 723 4594 ⁸)
742 4529 776 4580 ci.
797 4529 848 4579 col.
868 4530 943 4581 1190.
