3225 5217
1291 522 1331 587 19

193 692 272 777 quid
294 695 357 760 sibi
378 696 460 761 velit
487 717 570 781 opus
598 699 713 782 ipsum.
758 696 834 776 Qua
861 700 958 763 inre
985 699 1016 761 si
1042 698 1183 763 forsitan
1209 698 1332 766 diutius

76 802 78 805 ’
192 826 299 890 aequo
328 810 452 873 versati
486 808 663 887 fuerimus,
698 811 794 872 venia
816 809 912 873 nohis
934 808 1081 892 dabitur3
1115 813 1193 893 quin
1221 814 1331 895 potius

191 920 214 983 ii
254 927 456 1005 arguentur,
498 922 580 1003 qui,
625 920 802 985 Anastasio
853 930 967 985 nostro
1022 924 1117 986 nimis
1173 922 1330 1006 injuriosi,

192 1052 274 1115 opus
297 1030 385 1095 istud
407 1029 541 1117 Hodegi
565 1032 682 1111 „nulla
705 1031 874 1115 diligentia
896 1033 1053 1115 nulloque
1083 1034 1196 1099 ordine
1205 1035 1225 1070 ‘⁶
1248 1048 1338 1098 con-¹

190 1146 348 1227 scriptum
369 1144 484 1208 volunt
506 1143 651 1227 nihilque
674 1144 763 1207 aliud
786 1165 860 1209 esse
890 1144 1072 1226 blaterant,
1101 1165 1200 1229 quarn
1221 1166 1329 1230 „per-

77 1317 79 1323 ,
189 1255 355 1319 turbatum
378 1256 580 1321 diversorum
610 1260 696 1321 inter
728 1279 765 1321 se
799 1260 939 1321 invicem
972 1257 1199 1323 distinctorum
1225 1279 1330 1343 opus·

190 1366 335 1431 culorum
356 1370 593 1435 collectaneum
616 1390 676 1433 seu
698 1370 897 1455 farraginem
919 1374 1032 1455 potius
1050 1370 1258 1447 inconditam,
1280 1372 1329 1437 uti

190 1501 234 1544 ex
262 1480 403 1545 lectione
432 1501 592 1565 apparere
602 1482 637 1562 “,
674 1484 825 1564 quamvis
853 1485 970 1546 merito
997 1481 1217 1563 dubitaveris,
1251 1489 1328 1549 nu'm

190 1612 272 1677 opus
294 1597 456 1679 integrum
479 1592 534 1657 vel
557 1593 662 1657 obiter
685 1593 826 1678 legerint
843 1594 874 1677 ¹).
915 1594 1094 1658 Praeterea
1114 1596 1148 1659 in
1169 1594 1221 1659 his
1242 1615 1328 1661 non-

187 1705 277 1769 nulla
306 1714 340 1771 te
365 1707 570 1768 inventurum
596 1726 669 1769 esse
690 1714 786 1789 puto,
810 1726 896 1787 quae
920 1708 1063 1769 animum
1078 1714 1170 1769 tuum
1193 1705 1326 1771 allicere

187 1817 323 1900 possint.
347 1815 415 1882 Sed
436 1818 520 1882 haec
542 1817 720 1900 hactenus;
743 1838 829 1881 nunc
850 1816 1024 1881 redeamus
1047 1818 1090 1881 ad
1112 1819 1325 1902 propositum.

630 2052 633 2057 ·
722 2030 792 2117 §a

274 2174 326 2239 Ac
346 2176 485 2258 primum
508 2170 657 2256 quidem,
681 2172 760 2257 quid
782 2174 846 2238 sibi
866 2172 949 2237 velit
970 2170 1054 2256 opus
1075 2173 1197 2257 ipsum,
1219 2174 1326 2237 mani-

186 2287 307 2351 festum
337 2287 430 2351 nobis
462 2286 501 2349 fit
525 2285 594 2371 jam
625 2307 670 2350 ex
696 2287 769 2370 ipso
802 2286 911 2369 operis
932 2282 1066 2369 Hodcgi
1087 2288 1225 2350 nomine.
1270 2283 1326 2351 Sic

187 2401 271 2463 enim
293 2406 480 2463 constanter
502 2400 695 2463 inscribitur.
725 2396 906 2461 Profitetur
924 2416 1004 2482 ergo
1025 2418 1062 2461 se
1085 2398 1191 2481 ipsum
1208 2395 1324 2461 ducem

185 2510 364 2595 quendam,
394 2509 520 2573 scilicet
547 2512 579 2572 in
608 2508 777 2593 sequenda
801 2517 835 2573 et
856 2508 979 2572 tuenda
1000 2508 1163 2573 catholica
1184 2512 1324 2573 veritate

184 2630 298 2687 contra
330 2622 438 2686 varias
478 2620 737 2703 haereticorum,
775 2623 968 2705 pracsertim
1004 2620 1323 2705 Monophysitarum,

183 2741 300 2799 sectas.
332 2732 429 2810 Quod
445 2732 565 2796 clarius
582 2734 795 2816 apertiusque
812 2733 1007 2815 exprimitur
1024 2735 1057 2795 in
1071 2732 1136 2796 fine
1149 2734 1266 2816 capitis
1276 2730 1323 2795 X.

182 2846 364 2927 Postquam
405 2844 489 2910 enim
528 2826 640 2907 retulit
683 2851 840 2927 quattuor
878 2843 1136 2927 disputationes,
1186 2862 1323 2926 quarum

182 2958 314 3037 tertiam
341 2976 441 3041 supra
470 2954 563 3038 dedi,
598 2958 645 3019 sio
674 2964 800 3019 monet:
836 2954 959 3036 „Haec
992 2976 1098 3036 anna,
1134 2975 1166 3023 o.
1188 2962 1322 3018 sanctae

182 3066 352 3131 Ecclesiae
375 3077 408 3132 et
432 3067 560 3131 divinae
583 3069 732 3131 veritatis
753 3046 1033 3151 propugnatores,
1064 3073 1213 3150 tempore
1241 3065 1323 3129 belli

181 3181 331 3243 retinete.
375 3176 470 3243 Etsi
501 3180 574 3261 quis
605 3177 647 3242 de
677 3196 780 3265 grege
807 3177 864 3241 illo
890 3177 987 3261 lupus
1019 3177 1145 3241 advos
1173 3175 1321 3256 accedat,

147 3302 149 3307 “
181 3290 363 3373 afferatque
386 3288 522 3373 frigidas
541 3289 615 3353 illas
632 3289 675 3354 de
688 3287 820 3353 Christo
837 3288 977 3371 fabulas,
1000 3297 1071 3352 toto
1088 3290 1320 3352 incarnationis

180 3404 338 3489 mysterio
360 3404 392 3464 in
414 3402 621 3486 phantasiam
642 3402 838 3484 inanemque
861 3402 1136 3465 existimationem
1148 3420 1320 3481 converso,

181 3514 334 3598 dicatque
357 3534 393 3578 se
417 3514 527 3578 subtili
545 3516 644 3578 animi
662 3515 860 3599 cogitatione
881 3520 915 3576 et
929 3516 1047 3578 mentis
1060 3512 1320 3598 apprehensione

181 3627 353 3711 concipere
382 3624 549 3690 Christum
580 3647 623 3691 ex
653 3625 779 3690 duabus
811 3628 935 3689 naturis
966 3646 1062 3689 unam
1091 3633 1240 3688 naturam
1267 3626 1321 3685 in-

181 3745 361 3802 carnatam:
384 3728 459 3801 narn
479 3746 555 3823 post
572 3741 723 3803 unionem
742 3760 807 3803 non
825 3759 899 3803 esse
919 3737 1057 3822 amplius
1071 3737 1154 3801 duas
1168 3744 1318 3815 naturas,

181 3869 311 3913 carnem
342 3852 426 3913 enim
454 3870 527 3915 esse
560 3849 745 3915 deificatam
778 3859 812 3914 et
833 3849 936 3914 veluti
966 3851 1051 3914 aceti
1074 3856 1201 3933 guttam
1223 3855 1318 3912 vasto

179 3960 299 4047 pelago
323 3964 541 4043 commistam,
573 3981 644 4027 cam
666 3970 814 4026 naturam
835 3961 998 4042 induisse,
1030 3980 1127 4043 quam
1149 3959 1251 4023 habet
1272 3958 1317 4043 id,

179 4094 200 4139 a
222 4093 287 4157 quo
311 4072 463 4137 deificata
488 4081 553 4138 est:
576 4094 651 4137 nam
664 4072 810 4139 Verbum
832 4093 906 4137 esse
928 4093 1058 4136 carnem
1080 4072 1203 4136 factum
1225 4077 1319 4135 utet
1408 4067 1418 4076 “

178 4294 351 4305 -n--n—
1007 4288 1318 4298 -—---.—.----...

249 4437 270 4504 ¹)
288 4438 416 4502 Respioio
435 4434 669 4503 Oudin.³tom.11.
689 4434 739 4485 coi.
760 4433 819 4483 544.

1109 4528 1143 4580 2*
