3225 5217
1242 520 1303 584 107

163 692 316 763 universa
346 714 400 758 res
428 702 559 775 creata,
595 715 670 758 cum
697 695 770 778 ipse
800 713 931 758 carnem
963 695 1123 776 suscepit,
1157 693 1303 788 liberatis

164 805 314 872 omuibus
342 807 385 873 ab
413 809 565 887 interitu,
598 828 672 872 cum
701 814 738 870 ut
764 806 850 870 bene
880 813 992 870 essent
1019 813 1232 890 acceperunt3
1270 812 1305 870 et

160 918 254 1001 quod
276 926 432 1002 tanquam
453 919 617 1004 propheta
639 918 894 983 divinusMoses
917 917 1080 1003 praevidit
1103 920 1201 982 etiam
1223 939 1304 1002 pro-

164 1030 352 1096 ductionem
374 1040 408 1096 et
435 1033 600 1116 opificium
628 1039 799 1097 creaturae
827 1030 871 1094 ad
901 1031 964 1096 hec
993 1039 1030 1094 ut
1059 1031 1144 1096 bene
1174 1033 1236 1112 sit,
1270 1039 1305 1095 et

163 1143 310 1208 scribens
332 1142 605 1226 quemadmodum
627 1143 670 1208 ad
693 1143 756 1208 hoc
778 1151 815 1206 ut
845 1151 934 1208 esset
956 1142 1099 1208 deducta
1129 1145 1303 1230 anstiterit,

163 1257 196 1318 in
229 1257 302 1339 ipsa
336 1257 437 1321 etiam
465 1254 637 1339 Scriptura
668 1257 805 1320 inseruit
838 1256 909 1340 ejus
942 1255 1209 1320 reformationem
1245 1276 1304 1340 per

164 1365 330 1433 Christum
352 1367 396 1432 ad
417 1367 539 1432 hocnt
560 1367 645 1432 bene
667 1369 726 1449 sit,
748 1367 810 1432 sed
831 1367 920 1450 stylo
943 1367 1088 1450 quodam
1109 1369 1303 1452 prophetico

164 1479 371 1563 obscureque
394 1487 428 1544 et
449 1479 638 1564 allegorico.
683 1477 800 1544 Omnia
823 1481 907 1544 enim
930 1467 1016 1562 quae
1042 1487 1119 1544 sunt
1147 1482 1180 1542 in
1203 1479 1304 1544 coelis
1411 1551 1414 1555 ,

164 1599 199 1656 et
229 1594 264 1656 in
296 1601 402 1673 terra,
435 1592 528 1656 Deus
561 1593 653 1675 prius
685 1593 871 1656 construxit
905 1593 938 1654 in
971 1594 1131 1677 sapientia
1160 1591 1202 1658 ad
1233 1593 1303 1678 ejus

162 1703 301 1791 figuram
318 1711 352 1768 et
365 1706 508 1788 priorem
519 1703 803 1788 descriptionem“.
830 1703 925 1786 ,Hoc
941 1711 992 1768 est
1003 1707 1087 1768 enim
1103 1706 1304 1788 mysterium,

48 1818 52 1827 ’
164 1815 254 1914 quod
269 1824 359 1880 vante
389 1815 524 1882 saecula
551 1823 586 1880 et
612 1837 633 1878 a
662 1816 929 1900 generationibus
950 1815 1041 1900 prius
1064 1815 1190 1880 definiit
1211 1815 1304 1880 Deus

164 1936 199 1995 et
219 1928 489 2014 praedestinavit.
521 1927 620 1994 Unde
643 1930 742 1993 etiam
765 1927 885 1992 dicitur
906 1929 1000 1994 Deus
1022 1930 1128 1992 omnia
1150 1931 1183 1992 in
1205 1935 1305 2013 caput

163 2039 397 2124 redegisseet
423 2041 626 2109 instaurasse
655 2042 689 2104 in
718 2039 851 2104 Christo
869 2039 900 2122 ¹).
944 2039 1034 2119 Quid
1062 2047 1114 2104 est
1141 2043 1176 2104 in
1205 2049 1306 2126 caput

163 2151 333 2238 redegisse
356 2161 391 2218 et
405 2155 630 2234 instaurasse,
659 2173 757 2235 quam
786 2172 934 2236 eaquae
961 2152 1142 2217 rationibus
1169 2155 1303 2237 inipso

163 2266 255 2350 prius
285 2272 379 2330 erant
408 2265 550 2348 figurata
578 2272 612 2328 et
642 2263 853 2345 adumbrate,
885 2265 1021 2348 reipsa
1047 2264 1145 2328 factis
1171 2265 1204 2328 in
1230 2266 1303 2348 ipso

74 2465 79 2470 .
164 2373 462 2460 esseimpleta?“²)
488 2375 606 2458 ,Quod
621 2385 730 2440 autam
744 2374 929 2440 Ecclesiam
945 2395 1077 2459 quoque
1093 2377 1184 2462 prius
1199 2377 1305 2462 signi-2

164 2488 267 2553 fieent
287 2497 322 2553 et
343 2488 504 2572 figurent,
526 2488 570 2553 ab
591 2488 654 2552 hac
676 2487 879 2553 dubitat-ione
902 2495 935 2552 te
958 2501 1070 2555 rursus
1092 2487 1211 2554 liberat
1232 2490 1305 2572 ipse

165 2601 295 2666 divinus
306 2599 490 2684 Apostolus
511 2603 545 2664 iu
554 2600 709 2686 Epistola
728 2600 773 2664 ad
786 2599 971 2681 Hebraeos,
994 2599 1107 2666 dicens
1126 2599 1168 2664 de
1191 2600 1305 2665 taber·

165 2712 284 2785 naculo
306 2714 485 2778 testimonii
507 2719 541 2779 ct
563 2711 607 2778 de
627 2700 832 2778 omuibus'iu
856 2733 896 2776 eo
919 2715 1128 2794 constructis,
1153 2711 1242 2795 quod
1265 2733 1305 2776 ea

165 2823 255 2888 facta
276 2826 343 2888 sint
362 2826 396 2886 in
417 2825 554 2909 figuram
570 2823 751 2907 Ecclesiae,
774 2823 903 2889 dicenst
929 2823 1022 2901 ,Nou
1045 2826 1078 2887 in
1100 2844 1196 2886 manu
1216 2811 1325 2888 faeta¹
1393 2903 1396 2908 Ι

163 2937 332 3021 ingressus
347 2997 350 3003 .
363 2943 416 3002 est
435 2936 586 3002 Christus
609 2957 760 3002 verorum
790 2936 1009 3022 exemplaria,
1043 2935 1103 3002 sed
1135 2937 1168 2998 in
1197 2937 1304 3020 ipsum

165 3048 313 3114 coalum“
325 3047 363 3131 ³).
384 3049 506 3114 Dicens
525 3057 636 3116 aut-em
654 3049 912 3134 „exemplaria“,
935 3048 1080 3114 ostendit
1101 3049 1183 3112 citra
1204 3047 1306 3112 ullam

165 3158 411 3243 dubitationem,
434 3182 648 3245 quaeeunque
669 3170 747 3228 suut
767 3163 801 3225 in
816 3160 979 3243 Ecclesia,
1003 3181 1077 3226 esse
1099 3161 1303 3225 imitamenta
1344 3200 1345 3208 κ

164 3273 313 3338 ordinum
336 3272 536 3338 coelestium.
575 3273 611 3338 Si
632 3295 712 3358 ergo
733 3273 918 3354 invisibilia,
942 3282 976 3339 et
998 3293 1085 3356 quae
1106 3279 1182 3336 sunt
1203 3291 1304 3356 prae·

146 3387 381 3465 scientissima,
403 3393 479 3450 sunt
500 3396 692 3470 comparata
712 3385 756 3451 ad
777 3387 953 3470 imaginem
976 3392 1010 3450 st
1031 3385 1170 3468 figuram
1181 3381 1304 3456 Eccle-

163 3499 248 3577 siae,
273 3519 315 3563 ne
338 3497 381 3560 de
402 3505 535 3562 caetero
556 3497 696 3582 amplius
719 3497 939 3578 dubitaveris,
970 3495 1059 3580 quod
1087 3504 1122 3560 et
1151 3499 1305 3562 universa

162 3612 354 3691 terrestria,
391 3631 477 3693 quae
511 3613 633 3694 scripta
665 3618 741 3674 suut
773 3612 808 3673 in
842 3608 916 3694 lege
949 3608 1117 3691 Mosaica,
1155 3608 1302 3674 umbram

162 3721 348 3790 habuerunt
369 3729 404 3785 et
425 3723 567 3806 figuram
586 3723 769 3787 futurorum
792 3723 826 3786 in
847 3721 943 3786 nobis
965 3720 1135 3801 bonorum,
1157 3720 1304 3788 utdocet

74 3917 79 3920 ἢ
162 3833 357 3916 Paulus“-⁴).
391 3835 497 3900 Porro
519 3836 570 3916 „si
589 3833 679 3917 quod
698 3835 802 3898 omnis
821 3841 971 3898 creatura
991 3832 1081 3899 facta
1096 3840 1147 3898 est
1168 3841 1318 3918 propter*
1346 3813 1351 3828 ’

161 3946 326 4010 hominem
336 3945 444 4010 Adam
467 3956 501 4010 et
513 3945 631 4028 Evam,
654 3945 779 4010 Paulus
795 3945 839 4008 ad
850 3944 1032 4010 Ecclesiam
1052 3944 1155 4008 refert
1173 3943 1301 4008 dicens:

161 4056 432 4140 „Sacramentum
453 4057 517 4122 hoc
538 4078 690 4141 magnum
713 4065 775 4137 est,
797 4079 861 4143 ego
884 4065 993 4131 autem
1017 4056 1090 4120 dico
1113 4059 1144 4118 in
1169 4054 1301 4120 Christo

162 4177 197 4233 et
218 4167 443 4252 Ecclesiam),
475 4171 545 4234 sine
568 4169 668 4233 dubio
691 4171 795 4233 omnis
818 4189 903 4252 quae
925 4176 1062 4254 propter
1084 4169 1247 4230 hominem
1270 4175 1303 4232 et

607 4337 988 4344 -------—.--—--—-..-

230 4445 453 4512 ¹iEplr.1,10.
553 4422 555 4426 ’
612 4447 634 4512 ²)
655 4447 706 4497 001.
725 4447 784 4497 aar.
942 4443 964 4511 ³)
984 4424 1067 4496 debr.
1086 4449 1118 4512 a,
1137 4447 1177 4496 nr.
1262 4432 1264 4436 ’

231 4541 254 4606 ⁴)
273 4542 357 4592 chr.
378 4544 422 4608 10,
442 4544 469 4605 13
488 4541 540 4594 col.
559 4542 617 4593 855.
829 4541 850 4607 ⁵)
870 4541 939 4606 Eph.
958 4541 988 4607 ὅ,
1007 4543 1048 4592 32.
