3225 5217
1255 543 1315 610 171

176 717 355 784 secundum
370 716 454 784 hanc
467 717 717 804 argumentandi
731 719 890 784 rationem
903 717 1002 784 etiam
1015 738 1139 804 negare
1153 717 1317 799 debuisse,

176 829 390 896 Anastasium
410 833 570 911 sensisse,
593 851 714 915 corpus
737 829 861 896 Christi
883 835 918 894 in
936 831 1147 896 Eucharistiae
1168 851 1243 896 esse
1263 829 1319 894 vel

119 993 120 996 η
176 944 210 1006 iu
240 944 362 1008 virtute
391 951 527 1006 tantum.
571 941 655 1006 Nam
682 945 714 1006 in
743 951 826 1006 orat
853 942 896 1006 Il.
919 943 962 1008 de
991 942 1319 1026 „Inciroumsoripto“

177 1055 282 1120 fusius
314 1057 467 1138 exponit,
498 1057 660 1120 neminem
695 1055 740 1120 ibi
769 1058 913 1140 operari,
950 1055 1007 1120 ubi
1035 1077 1101 1120 non
1129 1059 1189 1136 sit,
1217 1063 1318 1138 atque

177 1167 253 1230 inde
286 1167 421 1253 probat,
455 1167 562 1232 Deum
596 1168 718 1250 ubique
751 1167 936 1232 substantia
967 1189 1028 1232 sua
1063 1167 1200 1250 adesse,
1241 1169 1320 1250 quia

139 1282 141 1288 '
179 1281 287 1344 omnia
314 1281 504 1364 operatione
532 1299 592 1342 sua
619 1287 793 1344 conservet
808 1277 840 1360 ¹).
882 1277 992 1364 Igitur
1015 1279 1195 1344 secuudum
1222 1281 1330 1342 istam,

179 1389 353 1456 Aubertini
375 1389 625 1476 argumentandi
646 1393 805 1455 rationem
835 1389 953 1456 eodem
978 1392 1053 1475 jure
1075 1399 1190 1456 contra
1211 1393 1319 1476 ipsum

178 1504 299 1566 inverti
327 1510 454 1586 potest:
484 1501 554 1566 Aut
584 1523 627 1568 ex
657 1501 826 1569 Anastasii
855 1511 966 1566 mente
987 1500 1111 1568 Christi
1138 1523 1258 1586 eorpus
1285 1509 1320 1566 et

180 1616 312 1698 sanguis
342 1616 376 1678 in
403 1613 612 1679 Eucharistia
647 1616 777 1678 omnino
812 1635 878 1678 non
905 1622 982 1678 sunt
1006 1633 1117 1696 neque
1145 1615 1259 1697 utique
1285 1615 1320 1678 in

179 1729 317 1805 virtuto,
341 1735 398 1790 aut
420 1728 551 1804 suntin
574 1745 613 1788 ca
635 1728 734 1789 ctiam
756 1724 940 1790 substantia
961 1746 1031 1788 sua.

267 1825 335 1902 Seii
352 1837 422 1922 jam
444 1835 631 1918 videamus,
660 1835 843 1922 cujusmodi
863 1839 907 1901 sit
934 1837 1020 1914 alter
1040 1836 1149 1917 locus,
1178 1855 1224 1900 ex
1252 1857 1319 1920 quo

180 1949 382 2032 Aubertiuus
405 1957 632 2034 argumentum
651 1971 743 2014 suum
759 1952 907 2016 instituit
940 1950 1032 2015 Dicit
1044 1952 1159 2032 itaque
1172 1948 1320 2014 Anasta·

180 2041 249 2126 sius
270 2069 382 2142 uester
410 2062 444 2124 in
467 2069 547 2124 orat
578 2060 618 2124 V.
648 2062 690 2128 ds
719 2060 1070 2145 „Resurrectione“'):
1106 2061 1319 2144 „Postquam

180 2173 302 2254 inquit,
325 2171 510 2256 sepulcrum
532 2172 586 2236 die
607 2175 721 2253 tertio,
745 2175 896 2256 quivere
917 2174 1070 2238 humatus
1090 2174 1217 2254 lucrat,
1233 2173 1320 2238 reli·

181 2286 263 2368 quit,
286 2267 476 2368 oportebat,
499 2293 537 2350 ut
558 2307 672 2351 rursus
694 2305 768 2350 eum
791 2291 931 2370 corpore
945 2294 1115 2370 assumpto
1129 2285 1173 2348 ad
1186 2287 1320 2350 Patrem

183 2397 239 2478 qui
256 2396 394 2472 miserat
415 2395 610 2463 ascenderet
631 2399 687 2480 qui
710 2396 929 2464 descenderat
942 2395 985 2462 ed
1001 2395 1181 2462 tollendum
1198 2415 1321 2481 pecca·

181 2514 250 2570 tum
273 2506 394 2572 mundi.
436 2505 513 2572 Non
535 2510 619 2570 enim
642 2515 713 2572 erat
734 2511 946 2592 imposterum
967 2516 1056 2573 terra
1076 2508 1169 2574 locus
1182 2507 1320 2573 idoneor

184 2624 217 2685 et
233 2627 341 2703 aptus
369 2621 523 2703 corpori,
545 2619 634 2711 quod
663 2619 915 2690 erassitudinem
941 2641 1094 2685 carneam
1121 2619 1322 2705 deposuerat

183 2737 217 2803 et
248 2751 291 2798 ex
324 2731 527 2816 corruptibili
559 2734 684 2796 factum
715 2742 786 2798 erat
817 2732 1081 2816 incorruptibile,
1114 2753 1168 2796 ex·
1190 2732 1322 2796 mortali

181 2842 373 2922 immortale,
396 2864 439 2906 ex
462 2843 593 2906 animali
616 2843 794 2928 spirituale.
840 2842 935 2910 Siout
950 2837 1034 2908 enirn
1056 2842 1149 2907 loeus
1170 2851 1321 2907 terrenus

182 2975 355 3038 corporum
377 2953 574 3018 domicilium
603 2963 670 3035 cst,
697 2958 745 3019 sic
774 2954 867 3020 loeus
894 2953 1047 3022 eoelestis
1073 2951 1320 3038 spiritualium.“

181 3065 229 3133 Ut
251 3073 361 3151 patet,
395 3066 458 3130 hoc
486 3065 560 3132 loco
582 3065 779 3130 Anastasius
808 3069 894 3151 egit,
908 3065 951 3130 de
979 3068 1171 3130 ascensione
1195 3062 1319 3129 Christi

182 3179 215 3240 in
243 3177 370 3258 coelos,
398 3176 479 3240 nihil
508 3183 617 3242 autem
646 3176 742 3259 dicit,
771 3177 861 3260 quod
891 3177 946 3240 vel
972 3177 1162 3260 longissime
1190 3183 1320 3259 spectet

182 3289 226 3354 ad
240 3297 482 3379 sacrosanctum
494 3288 722 3358 Eucharistiae
737 3297 985 3354 sacramentum.
1018 3287 1175 3352 Attamen
1186 3285 1320 3350 Auber-
1405 3327 1411 3338 ·

180 3403 286 3466 tinus:
320 3399 531 3482 „Quomodo,
561 3403 682 3484 inquit,
700 3393 822 3468 ‚dicere
847 3408 977 3484 posset,
1007 3407 1128 3465 terram
1156 3419 1222 3463 non
1244 3413 1319 3462 esse

181 3512 320 3596 emplius
342 3512 449 3578 locum
471 3512 623 3580 idoneum
647 3514 776 3598 corpori
789 3513 938 3593 Domini,
959 3513 990 3576 si
1009 3512 1135 3576 centies
1153 3517 1187 3572 et
1200 3509 1319 3572 millies

181 3623 320 3708 ornplius
343 3627 440 3693 etiam
463 3626 603 3712 nuncin
624 3634 712 3688 terra
734 3632 797 3705 est,
826 3644 925 3707 quam
945 3630 1023 3688 ante
1044 3623 1319 3686 resurrectionem

183 3741 217 3800 et
245 3736 278 3798 in
308 3735 419 3800 coelos
446 3740 671 3805 ascensionem
699 3739 733 3800 in
762 3757 801 3800 ea
829 3744 934 3817 esset,
960 3735 1061 3817 idque
1089 3742 1127 3797 ut
1154 3734 1321 3797 Pontificii

183 3926 1319 3937 *mm-„nwffi-*w-m-OE———n—

251 4068 273 4135 ¹)
293 4070 344 4119 eol.
365 4069 431 4120 1333
449 4068 489 4119 A:
517 4104 532 4136 „
539 4069 675 4130 Quamdiu
698 4069 819 4120 ntroin
838 4085 891 4134 quo
909 4072 1035 4120 versatur
1053 4072 1191 4134 operatio,
1215 4069 1320 4121 tamum

181 4167 335 4216 necessario
355 4164 434 4215 adest
451 4169 550 4214 natura
568 4167 720 4229 operantis:
744 4181 824 4214 nemo
848 4179 965 4229 namque
989 4164 1089 4214 absens
1105 4167 1200 4228 potest
1216 4163 1320 4228 aliquid

181 4262 296 4325 operari.
332 4260 419 4322 Igitur
442 4261 505 4323 quia
530 4273 638 4323 semper
660 4263 750 4309 omnia
773 4259 848 4308 Deus
874 4264 1003 4324 operatur
1029 4263 1058 4309 ct
1084 4262 1319 4310 conservationem

92 4345 97 4352 '
180 4357 300 4404 universi
317 4357 376 4403 sine
395 4356 548 4404 cessatione
566 4355 717 4419 continuat,
735 4367 848 4404 necesse
865 4358 908 4405 est
919 4353 1008 4404 Deum
1026 4367 1088 4406 ease
1104 4356 1132 4404 in
1150 4354 1274 4404 omnibus
1292 4357 1320 4405 et

181 4449 289 4498 anullo
307 4463 336 4498 ro
354 4447 536 4513 separetum“.

250 4541 275 4607 ²)
294 4543 345 4591 col.
366 4543 432 4592 1359
451 4540 481 4592 C.
