3225 5217
612 1048 616 1055 ’
710 1016 883 1166 carun
912 1031 964 1174 V..

536 1249 586 1300 DE
602 1249 722 1301 LIBRIS
739 1251 798 1302 ΧΠ
813 1251 853 1302 IN
870 1249 1135 1301 unx-menon.

352 1445 499 1512 menna
520 1446 581 1512 sub
603 1450 733 1512 nomine
744 1426 915 1514 Anastasii
928 1448 1197 1532 „Anapopicurum
1210 1445 1408 1530 contenpla-

266 1559 385 1622 tioaam
406 1558 586 1641 8818141186,
608 1563 665 1643 qui
687 1567 775 1625 teste
786 1560 939 1626 Fabricio
953 1561 976 1642 ¹)
1000 1559 1131 1626 Graece
1151 1562 1274 1645 passim
1297 1577 1409 1624 asser-
1476 1638 1483 1648 ¹
1547 1571 1555 1578 ·

265 1678 386 1734 vantur
420 1671 454 1733 in
486 1672 587 1734 variis
620 1670 837 1736 Bibliothecis
851 1669 895 1755 ²),
930 1673 1020 1741 solus
1053 1672 1137 1736 liber
1165 1670 1260 1760 ΧΙΙ.ι
1278 1669 1407 1735 Graece

267 1781 374 1847 editus
406 1782 546 1846 habetur
579 1785 678 1846 etiam
713 1785 746 1847 in
774 1783 930 1848 Editione
961 1785 1139 1871 Miguiana.
1184 1782 1301 1867 Itaque
1333 1804 1405 1847 cum

267 1893 391 1959 codicis
412 1896 625 1980 manuscripti
646 1894 767 1960 nulline
797 1898 893 1981 copia
918 1895 998 1959 mihi
1028 1903 1135 1976 esset,
1172 1915 1257 1978 quae
1286 1893 1328 1960 de
1356 1895 1407 1960 his

264 2009 299 2087 in
321 2005 555 2072 Hexaemeron
584 2006 677 2071 libris
704 2007 784 2071 mihi
815 2007 954 2072 dicenda
982 2029 1056 2074 esse
1079 2007 1278 2088 viderentur,
1301 2007 1406 2072 solum

265 2120 459 2204 depromere
498 2126 532 2184 et
560 2097 711 2204 judicare
750 2121 843 2204 potui
883 2141 927 2184 ex
957 2122 1111 2184 versione
1144 2121 1280 2200 Latina,
1321 2135 1406 2204 quae

265 2231 405 2296 habetur
433 2234 467 2296 in
488 2230 643 2296 Editione
666 2231 769 2318 Mign.
800 2231 862 2296 col.
885 2233 944 2297 851
978 2241 1010 2297 et
1038 2252 1132 2316 seqq.
1155 2253 1199 2297 ex
1223 2231 1308 2296 Bibt
1331 2231 1405 2296 Vet

264 2344 334 2408 ΡΡ.
357 2342 510 2429 Lugdun.
532 2350 610 2408 tom.
632 2341 695 2407 IX.
719 2365 751 2428 p.
774 2343 848 2407 857.

352 2455 549 2537 Priusquam
579 2463 690 2520 autem
719 2455 761 2520 de
790 2455 842 2520 his
871 2458 904 2519 in
927 2455 1160 2536 Hexaemeron
1189 2455 1280 2520 libris
1303 2477 1408 2540 quae-
1469 2524 1479 2531 ,

268 2569 408 2632 ationem
434 2569 618 2650 instituam,
654 2566 734 2652 qaid
761 2566 824 2632 sibi
853 2567 917 2633 hoc
939 2588 1040 2653 opere
1069 2576 1185 2632 auctor
1207 2551 1305 2649 velit,
1338 2569 1408 2653 ejus

267 2681 371 2764 ipsius
388 2679 500 2744 verbis
522 2683 737 2767 praemittam.
777 2679 891 2764 Atque
913 2679 948 2745 id
970 2688 1085 2765 aperte
1108 2680 1203 2752 nobis
1225 2679 1408 2764 declarat&

264 2791 317 2864 his
339 2790 464 2854 verbis:
499 2791 634 2873 „Totus
663 2814 785 2879 scopus
816 2801 850 2858 et
878 2777 1061 2858 institutum
1084 2794 1181 2879 hujus
1204 2794 1315 2878 operis
1346 2795 1407 2872 εει.

265 2912 303 2968 ut
331 2903 557 2987 ostendamus,
590 2904 681 2988 quod
713 2907 866 2970 universa
900 2927 962 2970 sex
994 2905 1119 2970 dierum
1146 2914 1213 2970 tam
1243 2907 1276 2968 in
1306 2903 1407 2968 coelis

266 3037 366 3101 quam
395 3020 429 3082 in
458 3019 556 3082 terris
585 3019 709 3082 creatio
737 3018 941 3103 praefigurat
972 3025 1005 3081 et
1035 3015 1191 3082 describit
1213 3015 1316 3081 Verbi
1343 3015 1409 3080 Dei

265 3131 522 3196 incarnationem
545 3137 579 3193 et
598 3127 816 3194 Ecclesiam“.
860 3127 943 3194 Item
971 3129 1077 3193 fusius
1108 3128 1222 3193 scribit
1249 3130 1282 3190 in
1308 3147 1408 3212 prae⁴

267 3243 394 3317 satione
414 3240 511 3326 hujus
526 3242 636 3326 operis
651 3241 693 3306 ad
707 3239 964 3326 Theophilumi)
987 3239 1150 3324 quendam
1172 3241 1206 3304 in
1227 3239 1314 3304 hune
1335 3259 1409 3302 mo·

217 3394 218 3397 =
266 3355 342 3420 dum
357 3354 404 3440 ἢκ
429 3352 514 3439 „Te‚
537 3375 557 3418 o
579 3353 677 3418 valde
699 3350 930 3418 desiderabilis
951 3353 999 3416 fili
1021 3355 1066 3416 mi
1089 3360 1123 3418 et
1145 3358 1244 3436 caput
1261 3352 1408 3445 'omnium

169 3448 173 3469 ’
265 3468 344 3532 mihi
365 3465 649 3549 amabilissimum,
679 3464 819 3530 laudans
848 3465 891 3530 ob
924 3467 1116 3530 concinnum
1147 3470 1180 3528 et
1207 3483 1407 3548 propensum

267 3674 1408 3688 m———m-——w-——m-w-—n

337 3825 359 3892 ¹)
377 3824 450 3876 Edit.
468 3825 553 3890 Migo.
571 3823 675 3875 Putrol.
694 3823 741 3874 Gr.
759 3828 825 3874 tom.
843 3825 884 3890 89.
904 3824 955 3874 eol.
974 3825 1008 3874 29
1026 3827 1054 3874 et
1071 3825 1113 3874 30.
1149 3841 1157 3847 ·

336 3919 359 3986 ²)
377 3920 495 3970 Enetum
513 3921 596 3969 etiam
608 3919 719 3970 Monaci
735 3922 762 3968 in
781 3895 843 3970 cod..
861 3933 960 3984 graeco
980 3919 1037 3968 145.
1055 3919 1102 3968 fol.
1117 3920 1167 3971 146
1185 3923 1214 3968 et
1231 3919 1408 3982 sequentibus

266 4017 318 4066 sub
336 4016 389 4066 hoc
406 4016 501 4065 titulo:
526 4022 595 4078 „toi
620 4010 692 4086 ἁγίου
710 4009 873 4066 ’Aremorico
893 4011 1063 4084 πρεσβυτέρου
1081 4009 1123 4064 καὶ
1142 4020 1252 4086 peropto
1271 4020 1315 4062 τοῦ
1335 4008 1406 4085 ἁγίου

267 4109 344 4184 ὄρους
361 4111 421 4162 Σινα
439 4105 480 4160 καὶ
498 4104 696 4182 ἁρχιέπισκὸπου
714 4093 866 4179 ’Ᾰντιοχείας
891 4103 925 4165 εἰς
952 4104 996 4180 τὴν
1020 4103 1185 4182 πνευματικὴν
1209 4103 1341 4180 ἀναγωγὴν
1364 4115 1408 4181 τῆς

267 4203 410 4279 ἑξαημέρου
428 4199 558 4261 κτῖσεως“
576 4204 666 4272 (teste
685 4197 788 4254 Hardio
806 4207 835 4254 in
853 4203 960 4254 Aretini
977 4203 1141 4269 Beitraegen
1160 4202 1208 4253 &c-
1229 4201 1262 4253 ad
1287 4217 1311 4252 a.
1332 4203 1408 4267 1804,

266 4305 336 4367 part
357 4302 405 4366 10,
423 4315 487 4365 pag.
506 4299 561 4366 22).
690 4345 698 4357 ,
1352 4365 1361 4378 ι

336 4395 359 4462 ⁸)
377 4396 425 4446 lib.
446 4399 469 4448 7.
488 4396 540 4447 ool.
560 4395 661 4447 84411.
765 4392 788 4461 ⁴)
809 4395 843 4446 cf.
862 4394 908 4445 lib.
927 4393 976 4444 111.
997 4396 1055 4444 init.
1074 4393 1127 4443 oolv
1145 4395 1196 4444 877
1214 4391 1244 4443 C.

228 4500 237 4514 ‘
336 4491 359 4558 ⁸)
378 4493 430 4543 eol.
449 4491 506 4544 851.
526 4506 602 4556 seqq.
